4366 5410
1087 365 1111 441 5

996 461 1203 479 Μ

573 570 712 656 Eloquio
733 572 1000 638 'sanetumimodo'
1022 572 1224 657 permulcere
1246 582 1404 652 senatum‚'

573 675 765 740 Exonerare
785 672 857 760 pios
878 674 994 755 modo,
1018 695 1106 738 nuno
1128 696 1265 738 onerare
1286 683 1453 738 nocentes:

545 858 548 864 Ι
573 777 637 839 Sed
656 781 759 864 'super
782 776 843 839 iste
864 787 978 840 movet
1000 777 1112 861 plenus
1136 775 1293 860 gravitate
1314 795 1427 838 serena

571 878 691 943 Vultus
713 889 745 942 et
766 877 888 962 insigni
911 878 1122 964 praestringit
1144 877 1286 962 imagine
1309 875 1414 939 visus:

573 978 664 1044 Talis
686 980 771 1044 inest
792 979 938 1059 habitus3
960 981 1083 1062 qualem
1108 1001 1168 1044 neo
1191 979 1298 1044 dicere
1320 988 1481 1042 moestum

572 1081 825 1162 Necfluidum‚
848 1081 929 1144 laeta
950 1083 1007 1146 sed
1028 1080 1201 1145 tetricitate
1224 1083 1380 1145 decorum

569 1182 762 1248 Possumus:
783 1182 946 1268 ingenitae
968 1189 1030 1246 stat
1055 1181 1231 1246 nobilitatis
1253 1182 1289 1246 in
1311 1181 1366 1244 illo
1391 1203 1392 1207 ’

571 1284 711 1350 Pulcher
732 1283 836 1348 honos
858 1295 891 1347 et
913 1284 1010 1368 digna
1032 1284 1097 1346 suis
1121 1285 1277 1348 natalibus
1300 1305 1366 1347 ora.

571 1386 719 1451 Additur
742 1385 807 1449 huc
829 1395 861 1450 et
882 1384 967 1449 iusta
987 1385 1064 1450 fides
1087 1397 1120 1450 ct
1140 1387 1235 1470 plena
1256 1383 1390 1471 pudoris

571 1487 721 1552 Libertas
744 1486 933 1570 animusque
955 1489 1039 1552 mala
1059 1486 1227 1571 ferrugine
1249 1509 1363 1574 purus,

507 1627 514 1640 ·
570 1591 705 1676 Ipsaque
726 1611 872 1674 possesso
895 1612 988 1654 mens
1011 1600 1060 1652 est
1081 1588 1269 1674 opulentior
1292 1609 1379 1651 auro.

571 1691 655 1775 Quis
677 1703 732 1755 tua
754 1692 932 1772 cultorum,
954 1689 1082 1756 iuvenis
1104 1689 1261 1770 facunde,
1282 1701 1416 1753 tuorum

569 1791 703 1858 Limina
724 1815 849 1879 pauper
870 1792 952 1875 sdit,
976 1814 1072 1876 quem
1093 1815 1162 1857 non
1184 1790 1328 1856 animosa
1351 1792 1481 1855 beatum

570 1894 706 1980 Excipit
727 1893 888 1958 et'subito
913 1894 1003 1959 iuvat
1023 1893 1225 1978 indulgentia
1247 1893 1369 1958 censu?

570 1997 731 2080 Quodque
753 1995 855 2080 nragis
878 1996 964 2060 douo
986 1994 1086 2060 fuerit
1106 1994 1280 2081 pretiosius
1303 1995 1406 2078 omni,
1454 2077 1457 2082 Ι

570 2096 688 2180 Diligis
711 2119 892 2180 exaequo,
917 2120 977 2161 nec
999 2108 1031 2160 te
1052 2095 1184 2160 fortuna
1207 2095 1362 2160 clientum

569 2200 741 2264 Natalesve
761 2210 914 2264 movent:
935 2197 1080 2284 probitas
1102 2209 1263 2284 spectatur
1285 2197 1321 2262 in
1343 2197 1416 2264 illis.
1487 2189 1488 2193 ¹

570 2301 667 2367 Nulla
688 2301 905 2386 superborum
927 2298 1096 2384 patiuntur
1118 2298 1203 2364 dicta
1226 2299 1384 2381 iocorum,

569 2401 699 2466 Nullius
721 2401 843 2464 subitos
866 2399 971 2466 adfert
992 2397 1113 2466 iniuria
1135 2399 1229 2464 risus.

569 2505 664 2568 Unus
687 2501 848 2569 amicitiae
870 2523 1014 2566 summos
1037 2513 1132 2566 tenor
1154 2501 1255 2566 ambit
1277 2515 1309 2566 et
1330 2504 1423 2568 imos.

569 2607 657 2671 Rara
679 2605 793 2669 domus
815 2615 948 2668 tenuem
970 2626 1036 2668 non
1060 2615 1251 2690 aspernatur
1273 2605 1421 2668 amicum*

569 2709 718 2790 Raraque
741 2729 808 2771 non
829 2705 991 2769 humilem
1014 2707 1113 2769 calcat
1134 2703 1251 2770 saetosa
1273 2705 1434 2770 clientem.

570 2808 638 2873 Illic
661 2819 746 2872 cesta
766 2807 841 2872 licet
861 2829 954 2870 mens
977 2818 1009 2870 et
1030 2806 1102 2870 sinc
1123 2806 1261 2870 crimine
1283 2819 1409 2871 constet

571 2911 666 2990 Vita,
690 2920 798 2973 tamen
821 2907 966 2994 probitas
988 2929 1062 2972 cum
1085 2918 1274 2993 paupertate
1297 2907 1433 2976 iacebit..

572 3013 636 3075 Sed
660 3009 752 3074 lateri
775 3013 879 3074 nullus
902 3008 1057 3072 comitem
1079 3008 1282 3073 circumdare
1303 3011 1437 3093 quaerit,

573 3114 682 3198 Quem
705 3112 757 3177 dat
778 3134 880 3198 purus
902 3131 1012 3193 amor,
1035 3109 1091 3174 scd
1113 3131 1210 3194 quem
1232 3110 1306 3176 tulit
1326 3111 1429 3201 impia
1452 3136 1592 3194 merccs3

859 3399 1041 3474 Variae
1072 3404 1322 3473 lectiones.

370 3600 562 3670 ,ib1‚tsss.-
597 3595 642 3653 90.
661 3593 881 3666 Cecropiasque)
908 3595 1093 3665 Cecropioque
1115 3593 1202 3664 Lugd.
1227 3621 1279 3636 ——·
1296 3595 1338 3649 90.
1356 3597 1457 3667 sonat)
1485 3595 1622 3655 Wcrnsd.
1647 3601 1744 3658 conice.
1771 3620 1822 3658 so-

362 3704 476 3740 m,-
494 3684 538 3738 90.
555 3681 670 3751 gravis)
692 3681 814 3733 »levus
838 3681 967 3732 Heinsius
990 3679 1107 3732 Advers.
1126 3680 1180 3734 IV.
1198 3697 1221 3733 c.
1242 3680 1288 3734 1.·
1309 3682 1447 3742 Wernsd.
1465 3713 1498 3726 -
1516 3685 1599 3755 urbi)
1617 3686 1725 3738 nudes
1744 3688 1822 3744 Cort.

363 3770 502 3826 Werusd.
521 3798 555 3810 -
572 3768 616 3822 97.
634 3765 722 3836 etsi)
741 3765 816 3824 Aliis,
839 3767 919 3846 etsi.
939 3766 973 3818 C.
993 3765 1039 3815 Sic
1056 3767 1163 3817 Ber-sm.
1181 3783 1204 3820 c.
1222 3783 1299 3833 nigor
1319 3772 1352 3817 et
1370 3770 1406 3819 si.
1431 3798 1465 3810 -
1482 3769 1527 3825 98.
1544 3754 1730 3840 permulcere)
1749 3771 1820 3824 Alii:

363 3855 517 3927 perfidelis.
535 3855 569 3908 C.
589 3855 645 3910 Sic.
662 3851 749 3919 Lugd.
767 3849 873 3919 Micyll.
891 3852 1000 3907 Bersm.
1017 3868 1041 3901 e.
1060 3867 1138 3918 ingo:
1156 3850 1375 3920 permulcere
1391 3852 1453 3906 libr.
1474 3853 1537 3907 duo.
1554 3885 1588 3896 -
1624 3857 1686 3912 101.
1702 3856 1821 3924 insigni)

361 3941 515 4010 insignis
532 3937 620 4006 bugd.
639 3967 672 3978 ·-
708 3937 768 3989 110.
786 3934 917 4004 beatum)
939 3936 1084 4004 »cuperus
1109 3931 1227 3991 observ.
1252 3937 1307 3992 111.
1326 3932 1351 3990 ci
1373 3939 1398 3989 1.
1424 3945 1592 3994 reatum.»
1618 3940 1755 4008 Wernsd.
1789 3971 1823 3982 -

364 4028 425 4084 113,
456 4023 566 4094 diligis)
595 4022 718 4094 diligit
740 4021 826 4087 Lugd.
854 4019 959 4090 Micyll.
985 4019 1062 4074 1612.
1086 4049 1119 4060 —
1155 4021 1215 4073 113.
1240 4020 1386 4090 clientum)
1411 4023 1482 4076 Alii:
1513 4024 1696 4078 colentum.
1720 4027 1752 4078 G.
1777 4027 1823 4076 Sic

354 4112 452 4182 ,Luget
472 4107 575 4178 Micyll.
589 4110 698 4160 Borsm.
716 4124 738 4157 c.
755 4123 835 4173 mgoz
855 4105 1024 4158 clientum
1041 4104 1102 4160 libr.
1121 4105 1183 4157 duo.
1204 4134 1238 4146 -
1257 4107 1317 4163 120.
1334 4106 1425 4177 Illic.)
1444 4108 1498 4160 Vir
1515 4109 1626 4176 doctos:
1644 4109 1716 4186 illi.
1736 4111 1768 4162 C.
1790 4139 1823 4154 ··

360 4200 427 4262 ¹122·
446 4194 524 4263 Sed)
548 4191 649 4254 »Leon
668 4192 814 4246 Santenius
839 4191 879 4266 Y.
901 4191 935 4248 C.
953 4193 981 4264 ip
998 4189 1083 4246 literis
1101 4191 1137 4266 sd
1153 4207 1196 4242 me
1214 4191 1285 4246 dctis
1303 4191 1436 4248 suadebat
1452 4199 1511 4250 ct·
1532 4195 1668 4262 Wemd.
1687 4223 1720 4239 -
