4366 5410
557 645 685 710 Abdita
707 630 1112 733 quid'prode'st'·gcne1·oai
1134 668 1216 712 vena
1238 645 1375 730 metalli,
1547 731 1550 738 1

522 807 525 814 .
559 749 596 814 si
618 749 741 813 cultore
763 749 878 813 caret?
900 747 978 834 quid
1001 748 1102 814 inerti
1124 750 1255 815 condita
1273 761 1385 838 portu,
1465 743 1489 782 Ὗ
1539 833 1542 840 Ι
1570 781 1573 789 >

564 851 600 916 Si
623 851 766 916 ductoris
788 860 877 936 eget,
898 849 977 916 ratis
1001 847 1117 933 efficit,
1138 852 1250 926 omnia
1271 851 1417 938 quamvis
1483 897 1485 900 -

565 953 783 1020 Armamenta
803 952 889 1018 ferat
909 953 1067 1038 teretique
1089 953 1226 1046 fluentia
1247 957 1334 1021 malo

564 1056 670 1120 Possit
692 1067 725 1120 et
745 1061 881 1122 excusso
904 1055 1070 1122 dimittere
1092 1059 1162 1123 vela
1184 1059 1346 1124 rudente?

565 1159 638 1244 lpse
659 1181 719 1243 per
741 1156 905 1224 Ausonias
928 1157 1058 1225 Aeneia
1079 1160 1225 1226 earmina
1247 1171 1359 1246 gentes

567 1261 637 1346 Qui
659 1273 769 1342 sonat,
791 1259 917 1346 ingenti
940 1261 995 1346 qui
1018 1263 1152 1329 nomine
1173 1265 1280 1352 pulsat
1302 1263 1487 1350 Olympum

567 1363 822 1448 Maeoniumque
842 1387 956 1430 senem
978 1365 1128 1431 Romano
1149 1377 1307 1452 provocat
1328 1389 1396 1448 ore,

566 1461 719 1530 Forsitan
739 1466 824 1530 illius
847 1466 992 1532 nemoris
1013 1467 1157 1558 latuisset
1178 1468 1214 1533 in
1236 1469 1365 1552 umbra,

570 1567 670 1652 Quod
692 1567 796 1650 canit,
818 1579 851 1633 et
871 1569 975 1634 sterili
997 1581 1124 1635 tantum
1149 1582 1306 1637 cantasset
1328 1593 1430 1638 avena
1496 1652 1498 1657 ³

569 1669 701 1753 Ignotus
723 1670 872 1758 populis,
892 1671 921 1735 si
942 1673 1130 1741 Maecenate
1153 1686 1294 1739 careret:

572 1771 640 1858 Qui
663 1783 772 1840 tamen
794 1774 880 1839 haud
902 1775 961 1840 uni
981 1772 1133 1863 patefecit
1154 1777 1270 1842 limina
1291 1777 1368 1860 v'ati,

572 1873 643 1937 Nec
665 1897 721 1939 sua
742 1875 885 1960 Virgilio
908 1878 1059 1964 permisit
1080 1879 1215 1945 numina
1237 1881 1304 1945 soli.
1412 1897 1414 1902 '
1489 1873 1492 1878 ¹

572 1975 742 2042 Maecenas
764 1979 886 2066 tragico
909 1979 1105 2065 quatientem
1128 1971 1253 2069 pulpita
1274 1995 1366 2070 gestu

574 2079 697 2143 Evenit
716 2081 873 2147 Varium:
895 2086 1065 2150 Maecenas
1087 2085 1149 2148 alta
1170 2084 1337 2160 Toantis*

575 2181 673 2246 Eruit
694 2194 726 2246 et
747 2185 1040 2272 populis'ostendit
1062 2186 1197 2252 nomina
1219 2187 1349 2253 Graiis:

577 2284 733 2356 Carmina
754 2289 912 2355 Romanis
935 2287 1034 2354 etiam
1054 2289 1240 2355 resonantia
1262 2290 1393 2372 chordis

464 2386 467 2391 ’
576 2384 824 2475 Ausoniamque
846 2391 967 2479 chelyn
988 2378 1116 2477 'gracilis
1139 2391 1290 2480 patefecit
1312 2393 1439 2458 Horati.

578 2489 611 2554 Ο
633 2491 729 2556 decus
751 2505 784 2558 et
804 2504 873 2560 toto
895 2495 1014 2561 merito
1037 2495 1231 2582 venerabilis
1253 2519 1332 2562 aevo

577 2593 680 2657 Pierii
702 2597 801 2662 tutela
823 2597 932 2680 clrori,
955 2619 1018 2682 quo
1041 2597 1188 2686 praeside
1211 2600 1272 2663 tuti

579 2695 657 2760 Non
679 2719 822 2782 unquam
844 2711 932 2766 vates
954 2699 1047 2788 inopi
1069 2701 1208 2767 timuere
1230 2713 1385 2768 senectae.

581 2798 681 2885 Quod
702 2800 730 2864 si
752 2802 822 2886 quis
846 2801 965 2868 nostris
987 2802 1139 2889 precibus
1161 2805 1249 2869 locus
1276 2817 1308 2870 et
1329 2827 1402 2870 mea
1426 2815 1499 2870 vota

581 2901 617 2964 Si
639 2914 783 2970 mentem
805 2905 934 2970 subiere
954 2917 1061 2986 tuam,
1085 2907 1304 2973 memorabilis
1327 2908 1407 2974 olim

581 3005 637 3068 Tu
659 3005 744 3070 mihi
765 3009 934 3076 Maecenas
957 3009 1051 3072 tereti
1073 3011 1243 3074 cantabere
1267 3033 1369 3074 versu.

581 3105 757 3174 Possumus
778 3122 928 3176 aeternae
948 3123 1069 3188 nomeu
1094 3110 1298 3176 committere
1320 3110 1435 3196 lamae,

582 3210 618 3274 Si
640 3223 751 3282 tamen
771 3213 836 3280 hoc
855 3211 913 3278 ulli
935 3213 974 3279 de
995 3237 1030 3278 se
1052 3214 1245 3300 promittere
1267 3212 1316 3279 fas
1340 3201 1389 3280 est

874 3500 1057 3582 Variae
1092 3513 1340 3578 lectiones.

378 3741 380 3746 .
446 3698 507 3752 228.
526 3699 627 3770 Ferat)
645 3701 716 3754 Alli:
735 3707 842 3770 gerat.
862 3705 896 3758 0.
915 3705 961 3756 Sic
978 3702 1066 3772 Lugd.
1084 3703 1190 3773 Micyll.
1209 3705 1317 3758 Boram.
1337 3721 1360 3761 c.
1379 3717 1457 3772 mgos
1476 3699 1566 3754 latai
1594 3729 1627 3742 -—
1644 3699 1706 3754 236.
1724 3697 1836 3767 limina)

377 3782 473 3838 Barth.
499 3777 621 3844 Aclvers.¹
636 3789 736 3840 XXII.
761 3791 806 3842 22.
829 3789 890 3841 vult
912 3789 1052 3842 lumina.
1072 3817 1106 3831 -··
1141 3790 1203 3842 237.
1220 3790 1350 3859 nmnina)
1375 3789 1446 3840 Attis
1464 3791 1609 3844 nomina.
1633 3789 1667 3841 G.
1690 3787 1756 3838 »Sl'c
1774 3785 1845 3844 Sca-N

377 3868 461 3938 liger,
478 3870 626 3938 Pithoeus,
644 3876 746 3928 Junius
764 3874 904 3928 dederunt.
925 3876 1009 3929 Solus
1027 3877 1214 3928 Bersmannus
1233 3878 1399 3927 numina«
1438 3875 1576 3929 Wcrnsd.
1595 3874 1731 3926 nomina
1748 3869 1838 3923 Pulm.

378 3957 473 4012 Aurel.
491 3960 628 4011 numina
645 3963 727 4014 etiam
744 3961 832 4030 liugai.
851 3967 878 4013 et
894 3961 1001 4031 Micyll.
1021 3961 1069 4002 -'
1088 3962 1150 4016 238.
1168 3961 1268 4031 gestu)
1287 3968 1410 4014 caestu
1427 3961 1514 4028 Lugii.
1532 3959 1637 4030 lllieyll.
1656 3961 1763 4011 Ber-sm.
1782 3958 1839 4007 Vo-

378 4061 439 4096 rum
456 4046 485 4094 in
501 4043 544 4096 lais
563 4047 687 4099 omnibus
706 4051 861 4118 appositum
879 4050 999 4100 invenies
1024 4056 1163 4100 caestu:
1186 4051 1373 4100 Bersmannus
1390 4054 1447 4099 tros
1465 4047 1550 4100 libaus
1575 4045 1701 4097 exhibere
1720 4050 1840 4097 caestu

379 4133 504 4184 tastatus.
522 4161 555 4172 —
590 4133 651 4186 239.
669 4135 772 4186 Erexit
789 4134 927 4203 varium)
946 4134 1017 4186 Alii:
1035 4125 1163 4186 Eroxlt
1181 4137 1320 4186 Varum.
1344 4135 1377 4189 C.
1397 4131 1789 4201 Stenugd.1ttteytt.ttorsm
1819 4149 1842 4181 c.

379 4234 458 4284 ango:
478 4222 599 4272 evexit
617 4221 765 4272 Varium
784 4220 884 4288 Scalig.
909 4226 937 4272 et
953 4221 1015 4275 libr.
1034 4251 1068 4262 —
1102 4221 1164 4275 239,
1191 4220 1329 4290 Toantis)
1353 4219 1424 4272 Aliis
1446 4219 1616 4284 tonantis.
1637 4220 1670 4271 G.
1689 4219 1735 4268 Sic
1753 4215 1839 4284 luigni.

379 4303 483 4372 Micyll.
501 4306 608 4357 Bersm.
629 4325 651 4359 c.
675 4324 754 4373 tngo:
774 4307 933 4360 Toantis.
952 4307 1082 4359 Bar-thius
1100 4309 1219 4364 Adsere.
1237 4307 1353 4358 XXIV.
1374 4307 1422 4371 14,
1445 4315 1496 4376 p‘ro
1516 4305 1589 4356 alta
1607 4303 1759 4355 'scantia
1778 4301 1839 4354 ‘ruli

382 4388 775 4463 ullalaaiinosqll'ernsd.
797 4392 871 4444 alta
890 4396 1064 4452 sonantis.
1084 4393 1258 4445 'l'lroantls
1273 4392 1362 4449 Pulm.
1378 4392 1453 4445 1576.
1467 4394 1536 4444 Cori
1557 4389 1840 4447 ,inactiva-masi.-
