4366 5410
988 393 1011 468 3

891 492 1097 504 m

473 599 605 667 Victor:
621 609 744 686 eponte
764 613 824 664 ana
842 595 1004 684 aequiter,
1025 610 1217 682 quocunqne
1240 597 1376 664 vocattit
1411 609 1415 616 '
1480 607 1486 618 ¹

472 704 561 784 Flet,
584 701 611 766 ei
633 701 716 768 flere
736 701 845 767 iubes:
867 701 983 786 gaudet
1004 701 1143 784 gaudere
1165 710 1308 766 coactus:

472 807 517 872 Et
538 815 570 868 te
594 806 689 882 dante
709 804 795 891 capit
816 803 935 885 iudex,
958 817 1054 886 quam
1076 826 1143 870 non
1167 803 1280 884 habet,
1303 801 1396 866 iram.

471 906 527 970 Sic
544 903 661 991 ¹auriga
682 907 763 970 solet
783 904 945 973 ferventia
965 905 1138 970 Thessalus
1160 919 1217 970 ora
1330 932 1333 938 ’

472 1008 650 1076 Mobilibus
672 1006 775 1072 frenis
797 1007 833 1072 in
854 1019 966 1092 aperto
989 1007 1120 1072 flectere
1142 1029 1270 1092 campo,

472 1109 541 1197 Qui
564 1111 661 1174 modo
685 1133 760 1174 non
773 1110 879 1173 solum
901 1109 1016 1195 rapido
1038 1108 1202 1195 permittit
1224 1109 1362 1174 habenas

473 1211 708 1300 Quadrupedi‚
729 1213 786 1276 aed
808 1213 893 1276 calce
915 1212 1008 1292 citat,
1032 1212 1130 1285 modo
1154 1223 1281 1295 torquet
1303 1210 1339 1276 in
1361 1231 1453 1278 eures

260 1329 264 1337 “
370 1374 373 1379 .
403 1322 405 1326 ’
471 1315 645 1379 Flexibiies
666 1312 785 1394 rictus,
807 1323 840 1378 et
861 1335 950 1379 nuno
972 1313 1098 1380 cervice
1119 1325 1223 1378 rotata

472 1417 594 1501 Incipit
616 1417 735 1488 effusos,
757 1415 793 1480 in
815 1437 938 1500 gyrum
961 1439 1096 1500 carpere
1118 1437 1245 1482 cursous

474 1517 558 1603 Quis
581 1541 648 1583 non
670 1517 825 1582 attonitus
847 1517 948 1582 iudex
969 1529 1026 1582 tua
1047 1515 1181 1603 respicit
1203 1518 1283 1580 ora?

473 1619 558 1706 Quis
579 1620 666 1705 regit
685 1619 756 1706 ipse
777 1641 888 1702 auam,
910 1619 1056 1706 nisi.per
1078 1631 1133 1688 tua
1154 1619 1317 1706 pondera,
1339 1623 1525 1685 mentem?

369 1735 371 1738 ’
472 1722 562 1787 Nam
583 1731 637 1805 tu,
659 1721 728 1787 eive
749 1720 828 1785 libet
849 1721 973 1808 pariter
995 1744 1070 1788 eum
1092 1721 1251 1807 grandine
1272 1721 1401 1788 nimbos

472 1825 645 1908 Densaque
666 1823 792 1890 vibrata
814 1823 946 1888 iaculari
967 1823 1105 1890 fulmina
1125 1824 1245 1910 lingua,

473 1927 538 1990 Seu
560 1925 651 1990 iuvat
670 1923 837 1990 adstrictae
859 1924 896 1992 in
917 1927 1041 1992 nodum
1062 1949 1177 2012 cogere
1200 1950 1294 1992 voces

472 2029 518 2092 Et
540 2029 616 2092 dare
637 2027 748 2092 subtili
770 2027 896 2094 vivacia
917 2029 1015 2094 verba
1038 2041 1177 2111 catenae,

473 2129 556 2203 Vim
576 2129 785 2212 Liiertiadae,
808 2129 1001 2195 brevitatem
1023 2130 1127 2196 vincis
1150 2130 1305 2197 Atridae:

474 2230 590 2298 Dulcia
610 2255 667 2296 eeu
689 2231 793 2302 mauis
814 2231 999 2316 liquidoque
1020 2231 1156 2298 fluentia
1179 2256 1276 2298 cursu

474 2334 601 2416 Verba,
623 2357 684 2398 nec
705 2333 832 2400 incluso
854 2335 910 2398 ced
931 2346 1044 2420 aperto
1066 2334 1202 2421 pingere
1223 2335 1320 2418 flore,

475 2433 595 2508 Inclita
611 2435 765 2508 Nestorei
787 2435 873 2503 cedit
892 2435 954 2503 tibi
976 2435 1078 2521 gratia
1099 2435 1213 2501 mellis.

474 2539 617 2619 Necte,
638 2537 732 2620 Piso,
753 2549 864 2603 tamen
886 2541 1007 2624 populo
1029 2539 1089 2601 sub
1111 2537 1219 2604 iudice
1240 2540 1307 2604 sola

475 2638 643 2706 Mirantur
663 2637 752 2722 fora,
774 2641 830 2706 sed
850 2663 1025 2706 numerosa
1045 2641 1139 2704 laude
1161 2651 1289 2704 senatus

475 2741 613 2827 Excipit
634 2758 668 2822 et
687 2741 819 2808 meritas
841 2743 950 2808 reddit
971 2742 1031 2807 tibi
1053 2743 1144 2808 curia
1166 2765 1269 2808 voees.

476 2843 561 2930 Quis
584 2841 681 2928 digne
701 2843 840 2926 referat,
862 2844 963 2928 qualis
984 2844 1045 2908 tibi
1067 2847 1138 2908 luce
1156 2845 1217 2910 'sub
1239 2843 1293 2908 illa

468 2944 592 3016 ¹Gloria
613 2944 804 3032 contigerit,
826 2968 888 3031 qua
909 2957 946 3011 tu
967 2947 1123 3012 reticente
1145 2957 1268 3026 senatu,

478 3047 566 3112 Cum
585 3058 641 3111 tua
661 3045 711 3110 bis
733 3070 826 3114 senos
848 3061 1036 3113 numeraret
1057 3069 1203 3134 purpura
1224 3046 1335 3130 faeces,

477 3150 671 3216 Caesareum
691 3161 783 3236 grato
806 3149 951 3216 cecinisti
972 3162 1104 3236 pectore
1126 3154 1263 3216 numen!

762 3403 948 3475 Variae
981 3408 1233 3475 lectiones.

270 3618 345 3653 narn
361 3597 449 3670 lugd.
468 3595 590 3667 Micyffit
613 3595 753 3666 utriusque
770 3611 842 3662 mgo.
866 3611 1011 3665 namque
1026 3595 1085 3656 ubi
1101 3597 1197 3654 riso.
1218 3597 1268 3647 Tu
1287 3615 1423 3670 quoque
1440 3598 1525 3650 Piso
1544 3597 1643 3666 scalig.
1661 3600 1729 3656 Jun.

270 3685 362 3740 Pulm.
381 3683 478 3744 Aurei.
497 3682 575 3739 Gor-t.
592 3680 733 3736 Werned.
750 3710 784 3720 -
819 3680 863 3734 45.
883 3679 977 3750 ducis)
1008 3679 1079 3731 Alii:
1104 3685 1233 3742 tentas,
1257 3682 1281 3732 G
1312 3683 1358 3733 Sic
1381 3683 1468 3750 Lngd.
1492 3679 1597 3754 Micyll.
1621 3685 1728 3744 Bor-sm.

271 3789 294 3828 c.
311 3789 389 3840 tngo:
408 3769 508 3822 ducis
526 3799 560 3809 -
577 3766 621 3822 46.
638 3763 739 3834 nour)
757 3763 830 3816 Alii:
848 3767 964 3817 victus
983 3767 1017 3820 G.
1036 3766 1083 3817 Sic
1099 3763 1302 3837 Laganticylt.
1317 3769 1423 3822 Ber-sm.
1436 3786 1458 3818 c.
1473 3786 1550 3836 ingo:
1570 3771 1728 3822 victor-r-

271 3857 317 3911 471.
339 3847 438 3923 iubes)
456 3853 528 3906 Alii:
547 3853 638 3905 linet·
655 3852 689 3906 G.
708 3851 755 3902 Sic
771 3849 859 3919 Lugd.
876 3851 982 3926 Micyll.
1000 3853 1107 3902 Bersm.
1129 3869 1151 3906 c.
1170 3870 1248 3918 mgo:
1266 3853 1377 3907 iubes.
1396 3883 1429 3892 -
1452 3853 1495 3904 47.
1514 3853 1643 3924 coactus)
1662 3857 1730 3930 Ber·

272 3939 344 3994 ttius
367 3940 467 3994 coniec.
483 3942 636 3992 vocatus.
655 3935 779 3993 Anne.
791 3937 816 3990 7.
835 3965 868 3976 —
886 3935 928 3990 48.
938 3935 1033 4008 quam)
1049 3935 1120 3987 Alii.
1139 3938 1170 3988 si
1188 3939 1219 3989 G.
1231 3939 1278 3990 Sic
1289 3937 1602 4007 LungicyllAEer-sm.
1617 3957 1637 3988 c.
1648 3957 1728 4008 mgo:

274 4043 382 4098 qnam.
400 4055 433 4066 -·
457 4026 500 4078 52.
523 4021 624 4093 auiae)
644 4021 766 4093 quidem:
787 4039 900 4081 aures.
924 4021 958 4078 G.
983 4021 1112 4079 Barthius
1136 4025 1262 4074 coniecit:
1282 4040 1410 4090 armoe,
1430 4023 1501 4092 qnod
1518 4015 1728 4080 Wernadorfiue

272 4099 432 4181 probet‘-
467 4106 705 4176 v.6‘t.1)utcia)
730 4107 777 4159 elii
799 4107 901 4158 dulci.
928 4107 961 4161 6.
980 4107 1026 4158 Sic
1049 4106 1137 4174 Lugd.
1160 4107 1265 4177 Micyll.
1283 4108 1390 4165 Bersm.
1415 4126 1438 4163 c.
1456 4107 1534 4174 nig‘oz
1553 4106 1677 4164 dulcia.
1696 4139 1730 4180 3-

220 4203 224 4210 ’
273 4195 318 4253 89.
335 4194 484 4267 reticente)
502 4193 560 4250 atti
580 4195 762 4249 retinente.
781 4193 815 4252 0.
833 4193 880 4246 Sic
895 4189 984 4263 Lugd.
1001 4191 1106 4263 Micyit,
1126 4193 1204 4258 1575.
1225 4195 1332 4252 Bersm.
1351 4195 1426 4252 cuiue
1445 4209 1524 4266 tngo:
1548 4195 1729 4252 reticente.

1296 4369 1354 4436 1*
