4366 5410
461 629 530 716 Qui
551 627 642 696 stetit
662 626 699 694 in
719 623 875 714 speculiss
896 622 953 693 hic
973 637 1008 690 se
1030 620 1236 690 committere
1256 622 1349 688 siriae

458 732 573 798 Audet
592 742 625 796 et
646 730 683 796 in
703 728 860 817 praedam
881 725 1079 795 venientem
1091 725 1211 814 decipit
1232 724 1368 790 hostem·

459 834 634 922 Ancipites
656 831 745 898 subit
763 831 818 896 ille
839 849 948 896 morus
970 827 1149 912 similisque
1170 826 1268 912 ligato
1339 830 1343 838 ’
1392 839 1397 846 ’

459 937 593 1023 Obligat
613 935 684 1024 ipse
705 936 802 1000 duos:
824 932 881 1000 hio
901 932 942 997 ad
965 929 1089 996 maiora
1110 941 1276 1011 movetur,
1328 945 1332 955 '

459 1041 505 1105 Ut
527 1040 610 1104 citus
631 1049 664 1104 et
685 1037 787 1104 fracta
809 1046 1007 1124 prorumpet
1026 1031 1215 1118 irs-agmina
1235 1033 1374 1099 mandra
1435 1033 1439 1038 '
1514 1021 1535 1063 ·'

460 1143 638 1227 Clausaque
660 1139 785 1206 deiecto
799 1139 997 1255 'populetur
1002 1135 1133 1204 moenia
1154 1135 1247 1200 vallo.
1326 1141 1330 1154 '

459 1246 586 1312 Interea
606 1243 702 1310 sectis
717 1241 871 1340 quamvis
894 1238 1053 1306 acerrima
1075 1250 1210 1324 surgant

459 1346 587 1413 Pioelia
609 1345 784 1412 militibus·
806 1345 903 1431 plena
924 1354 1034 1408 tamen
1057 1340 1127 1427 ipse
1148 1339 1346 1457 phalange

460 1449 533 1514 Aut
554 1448 654 1514 etiam
673 1471 777 1564 pauco
799 1445 934 1534 spoliata
954 1442 1060 1510 milite
1082 1443 1187 1510 vincis

460 1555 504 1619 Et
525 1551 586 1616 tibi
609 1550 736 1640 captiva
757 1559 889 1616 resonat
908 1570 1023 1614 manus
1046 1558 1183 1630 utraque
1204 1549 1308 1612 turba.

460 1657 525 1720 Sed
547 1654 639 1742 prius
661 1677 793 1720 emenso
816 1651 917 1730 Titan
939 1661 1089 1716 versetur
1112 1649 1273 1738 Olympo,

461 1759 572 1845 Quam
594 1779 668 1822 mea
688 1767 736 1820 tot
757 1756 865 1820 laudes
888 1755 1060 1820 decurrere
1082 1752 1227 1818 carmina
1248 1754 1378 1840 possint.
1491 1762 1521 1775 “’

461 1860 557 1926 Felix
579 1871 612 1925 et
632 1861 729 1945 longa
750 1857 878 1924 iuvenis
901 1855 1092 1943 dignissime
1113 1855 1181 1922 vitu

460 1961 697 2047 Eximiumque
719 1973 792 2027 tuae
812 1959 918 2048 gentis
940 1961 1054 2042 decus,
1075 1958 1185 2047 accipe
1207 1961 1311 2028 nostri

463 2068 581 2131 Certus
604 2077 637 2129 et
658 2064 722 2130 hoc
744 2061 815 2130 veri
837 2065 1054 2178 complectere
1076 2061 1194 2149 pignus
1218 2064 1353 2129 amoris!

462 2165 613 2254 Quod'
584 2189 614 2231 sr
636 2166 733 2254 digna
755 2177 810 2231 tua
831 2165 940 2230 minus
961 2176 1010 2230 est
1031 2187 1104 2230 mea
1126 2165 1244 2253 pagina
1266 2169 1370 2250 laude,

461 2269 513 2335 At
534 2269 675 2336 voluisse
695 2281 745 2334 sat
766 2280 831 2336 est.
854 2267 1022 2354 animum,
1045 2292 1112 2336 non
1135 2270 1280 2336 carmina
1302 2269 1395 2337 iacto

461 2375 518 2440 Tu
539 2375 638 2439 modo
660 2341 774 2438 laetus
781 2373 871 2437 adesi
893 2371 1006 2438 forsan
1027 2371 1163 2438 meliora
1185 2395 1355 2441 canemus.

462 2478 508 2543 Et
529 2476 616 2543 vires
639 2473 761 2541 dabit
749 2496 820 2562 ipse
841 2471 954 2558 favor,
977 2472 1098 2540 dabit
1087 2497 1159 2562 ipsa
1179 2474 1322 2542 feracem

462 2581 544 2668 Spes
566 2579 731 2646 animumr
753 2577 890 2664 dignare
912 2588 983 2642 tuos
1005 2576 1135 2664 aperire
1156 2585 1305 2666 penates!

462 2684 537 2749 Hoc
557 2683 664 2748 solum
686 2681 846 2769 petimus:
869 2703 930 2746 nec
950 2678 1041 2746 enim
1062 2703 1118 2746 me
1139 2681 1250 2747 divitis
1272 2681 1344 2750 auri

376 2822 379 2830 =
463 2785 645 2874 Imperiosa
664 2782 768 2852 fames
790 2796 824 2850 et
844 2782 986 2850 habendi
1007 2807 1103 2850 saeva
1124 2785 1224 2850 libido

382 2952 388 2962 ,
464 2886 654 2975 Impulerit,
675 2889 732 2953 sed
753 2886 856 2952 laudis
877 2908 980 2952 amor.
1024 2889 1139 2969 Juvat,
1162 2889 1304 2976 optiine,
1326 2903 1436 2957 tecum
1513 2890 1519 2902 ’

463 2993 592 3076 Degere
613 3012 752 3077 cumque
773 2989 838 3056 tuis
860 2987 1036 3056 virtutibus
1058 3013 1158 3056 omne
1180 3015 1240 3079 per
1261 3017 1378 3060 aevum

464 3092 675 3160 Carminibus
697 3104 822 3159 certare
843 3091 935 3158 meis.
978 3092 1158 3158 sublimior
1179 3094 1244 3175 ibo,

462 3195 500 3262 Si
520 3193 627 3264 lamae
648 3191 735 3261 mihi
755 3194 871 3285 pandis
892 3193 974 3279 iter,
1002 3193 1031 3260 si
1054 3195 1196 3263 detrahis
1218 3198 1378 3264 umbram.

760 3485 947 3563 Variae
978 3490 1235 3560 lectiones.

326 3680 387 3738 199.
405 3682 502 3754 sixsc)
519 3683 599 3736 sixt
614 3680 724 3738 susm.
741 3677 819 3747 1582.
831 3680 899 3734 vitio
917 3684 949 3732 ut
964 3679 1073 3732 videtur
1090 3679 1197 3752 typoih.
1217 3709 1251 3722 -·
1268 3682 1329 3736 292.
1352 3671 1503 3753 mitigo)
1523 3684 1608 3736 Forte
1625 3689 1653 3736 et
1669 3683 1724 3736 hic:

259 3768 428 3838 alligata
447 3768 586 3822 Wcrnsd.
605 3797 639 3809 -
657 3766 719 3822 205.
736 3763 839 3836 sectis)
861 3763 1048 3820 »Senfllebius
1065 3766 1100 3820 de
1115 3766 1187 3820 Ales
1203 3773 1258 3822 vet.
1277 3787 1336 3840 esp.
1355 3770 1397 3824 12.
1416 3769 1559 3837 legendum
1575 3776 1656 3842 putat
1680 3788 1728 3821 sc·

257 3858 346 3928 ptis·
371 3854 510 3914 Wernsd.
528 3884 562 3898 -·
596 3853 659 3908 297.
676 3851 809 3924 spoliata)
826 3854 959 3906 Putares:
979 3852 1172 3924 spoliatus.
1208 3855 1243 3911 C.
1264 3855 1323 3908 »Es
1340 3858 1379 3907 sic
1401 3855 1485 3907 edidit
1501 3857 1657 3908 Hadrianus
1674 3855 1727 3907 ,Ια-
1760 3875 1762 3880 ·

256 3933 350 3997 ιιίιίι.·ι
370 3939 552 3996 Werusdorf.
574 3939 668 3994 Falso
691 3940 794 3993 Jnuius
818 3938 975 4012 spoliato
998 3939 1090 3992 edidit.
1111 3971 1145 3981 -
1179 3940 1242 3996 299.
1265 3940 1411 4011 versetur)
1435 3943 1520 3994 Poste
1542 3947 1727 4007 auersetur,

260 4027 320 4087 scil.
335 4029 455 4083 Oceano.
472 4025 664 4080 Werusdu-
697 4026 761 4080 213
786 4024 835 4095 et)
859 4025 1179 4097 utItugd.il1ioyll.-·
1214 4027 1276 4082 216.
1294 4027 1442 4097 canemus)
1461 4028 1532 4082 Aliis
1557 4033 1727 4082 tenemus.

259 4115 296 4172 C.
316 4113 383 4168 »Sic
400 4111 524 4188 Scaliger
540 4117 568 4165 et
590 4110 722 4166 Pithoeus
745 4111 916 4166 edidmnnt.
944 4112 1082 4168 Wernsd.
1100 4113 1172 4166 Item
1193 4113 1285 4170 Pulm.
1309 4114 1456 4169 Ausel.-
1490 4113 1551 4167 229.
1570 4112 1737 4185 impulerit).

260 4201 391 4258 Sindus.
408 4198 491 4254 Pnlm
520 4198 622 4269 Snus.
639 4215 704 4270 mgo
721 4199 829 4254 Bessan.
852 4197 964 4266 Aurei-3
956 4205 1077 4254 mestos.
1095 4199 1365 4270 Impulersnt.„
1373 4199 1492 4254 Videtur
1508 4199 1728 4268 legendumlm·

262 4285 450 4356 ptulerunt
436 4285 660 4342 «Womt-
