4366 5410
420 173 568 266 rt.

309 415 374 478 sme
394 423 507 477 tenens
529 407 593 508 ipsi
614 405 1025 507 cognitatiuissevidetun
1064 406 1226 476 Diversus
1248 416 1356 500 autem
1377 418 1410 472 et
1432 405 1471 471 ab
1492 405 1547 504 illo
1568 403 1661 504 durtii
1680 402 1764 469 libro

311 510 343 564 et
364 500 403 563 ab
424 497 480 562 illo
508 495 690 568 editionum
722 494 845 559 altioris
877 505 1043 560 vetustatrs
1076 490 1252 578 archetypo
1273 493 1334 559 iste
1362 493 1467 566 codex¹
1497 490 1596 555 fuisse
1628 491 1769 570 videtur,

213 597 216 604 ’
263 619 265 624 -
310 588 404 668 quem
427 582 513 666 apud
530 582 700 661 Eburones
721 578 942 664 hospitantem
953 579 1177 668 seinspexisse
1194 579 1344 644 Bartlrius
1357 575 1616 658 scribitAdvers.
1628 574 1770 640 XXVll.

311 693 337 732 c.
362 676 411 738 13.
423 665 475 732 Cf.
497 691 580 730 vers.
602 688 700 730 carm·
723 673 845 736 183··-
865 665 991 746 Tlreod.
1012 664 1185 730 Pulmanni
1208 663 1364 730 editiones
1375 662 1500 727 Lucani
1527 685 1600 726 ann.
1632 665 1719 732 1564
1741 670 1773 723 et

217 826 218 830 ,
314 757 398 822 1576
420 753 563 834 itemque
585 753 714 837 Corpus
742 750 893 814 omnium
922 761 1021 816 veter.
1052 749 1137 838 poet.
1166 751 1238 814 Lat.
1268 748 1423 813 Aureliae
1454 747 1671 832 Allobrogum
1700 767 1774 812 ann.

239 871 243 880 ·
316 845 408 908 1611.
437 841 621 906 «1001111011
643 834 716 899 etsi¹
732 835 822 900 Junii
844 835 999 900 beneficio
1026 835 1150 900 auctori
1186 857 1245 898 sno
1272 833 1436 900 redditum
1461 857 1496 898 sc
1523 833 1645 897 offerre
1672 829 1774 917 proli-

313 935 438 990 tentur:
460 932 570 986 tamen
591 923 611 985 l.
632 921 652 984 l.
674 943 749 998 cum
772 921 934 1006 Scaligero
956 931 1138 988 tenemus
1160 921 1324 1008 praebent.

401 1007 532 1072 Curtius
555 1017 685 1071 textum
707 1007 861 1072 carminis
883 1007 923 1070 ad
944 1005 1088 1072 diversas
1105 1006 1267 1085 editiones
1297 1004 1440 1070 restituit
1461 1005 1552 1090 eique
1574 1001 1678 1068 varias
1702 1001 1772 1065 edis

316 1094 444 1159 tionum
469 1090 622 1156 lectiones
643 1103 675 1154 et
696 1092 896 1157 coniecturas
919 1090 1294 1172 eruditorumosubieoit,
1316 1090 1490 1156 itatamen
1511 1101 1559 1169 ut,
1575 1109 1771 1172 quaenam

272 1199 281 1220 ·
316 1179 495 1243 editionum
533 1177 618 1240 hano
646 1177 776 1243 illamve
809 1177 981 1264 ,variarum
1015 1176 1191 1242 lectionum
1224 1187 1366 1256 teneret,
1400 1199 1468 1242 non
1504 1173 1678 1252 indicaret;
1719 1173 1774 1236 sed

317 1287 446 1349 semper
470 1261 561 1325 Alii
583 1273 735 1350 tanquam
755 1260 932 1329 referentes
953 1261 1246 1344 introducerentur.
1286 1263 1428 1326 Carmen
1450 1261 1613 1324 adnexum
1635 1269 1684 1322 est
1704 1257 1775 1320 Lu-

319 1350 390 1414 cani
416 1347 571 1428 editioni,
600 1369 679 1431 qnae
700 1346 832 1434 Lipsiae
854 1347 977 1433 prodiit
998 1369 1083 1414 anno
1108 1351 1200 1418 1726·
1227 1348 1373 1410 Textum
1396 1345 1502 1411 Cortii
1523 1341 1776 1410 Wernsdorfius

318 1432 473 1521 repetivit
494 1435 591 1521 Torp.
611 1431 674 1531 JV.
695 1444 777 1520 part.
805 1435 829 1497 Ι.
852 1455 924 1520 pag.
945 1441 1142 1504 237-282·
1168 1433 1418 1518 praedicandus,
1441 1429 1514 1516 quia
1535 1439 1656 1517 poema
1685 1429 1778 1492 docte

319 1519 544 1599 illustraverit,
572 1541 681 1584 minus
714 1517 914 1600 laudandus,
938 1519 1037 1602 quod,
1073 1541 1148 1582 cum
1181 1517 1219 1582 ab
1249 1517 1444 1582 editionibus
1482 1517 1567 1580 baud
1599 1515 1778 1600 imparatus

319 1617 418 1686 osset,
446 1605 628 1688 accuratam
650 1627 763 1668 earum
785 1605 1061 1690 comparationem
1083 1603 1256 1668 instituere
1278 1615 1325 1686 et,
1339 1615 1426 1688 'quae
1447 1599 1502 1666 hic
1530 1600 1596 1664 illic
1623 1623 1641 1662 a
1664 1597 1778 1664 Curtio
1879 1601 1895 1644 ’-

237 1759 245 1770 ,
319 1713 492 1776 perperam
520 1701 646 1754 enotata
672 1700 780 1771 erant,
809 1690 981 1755 emendare
1013 1689 1209 1774 neglexeritz
1241 1689 1330 1752 cuius
1358 1688 1406 1754 rei
1436 1687 1562 1772 insigne
1591 1685 1778 1771 exemplum

319 1775 465 1840 ostendet
486 1798 597 1840 versus
618 1783 679 1854 37,
708 1797 803 1858 quem
825 1774 861 1840 in
890 1787 997 1840 metro
1018 1775 1196 1858 secundum
1219 1773 1327 1839 Curtii
1355 1773 1514 1838 indicium
1540 1771 1630 1836 Alii
1653 1770 1784 1855 egregie

318 1857 490 1925 laesissent.
510 1861 583 1946 lpse
603 1859 856 1926 Wernsdorfius
878 1861 1043 1926 nonnullis
1065 1859 1143 1925 locis
1166 1859 1318 1926 lectiones
1340 1883 1515 1948 perperam
1536 1856 1702 1923 indicavit.
1731 1853 1781 1920 Cf.
1883 1857 1885 1862 ’

320 1970 372 2008 vv.
394 1956 475 2026 207,
496 1955 570 2017 237.
1460 1945 1477 1957 ‘

299 2033 300 2038 ’
406 2031 495 2115 Ego,
530 2031 606 2114 quas
636 2031 891 2096 commemoravi
924 2031 1097 2112 editiones,
1136 2043 1264 2116 praeter
1293 2030 1383 2095 illam
1412 2029 1539 2116 Micylli
1579 2053 1653 2092 ann.
1685 2031 1779 2115 1549,

319 2139 432 2180 earum
455 2115 561 2182 varias
582 2115 733 2184 lectiones
758 2122 842 2195 (nou
864 2117 1007 2196 omissis,
1030 2139 1105 2202 quas
1129 2115 1163 2182 in
1186 2115 1256 2180 aliis
1285 2115 1481 2181 editionibus
1511 2115 1655 2201 repertas
1685 2115 1783 2177 Bers-

320 2224 459 2266 mannus
482 2201 519 2266 in
540 2225 674 2266 suarum
694 2201 845 2287 margine
867 2201 1034 2290 apposuitl)
1058 2202 1175 2282 textui,
1198 2224 1293 2286 quem
1315 2201 1401 2284 dedi,
1422 2225 1487 2266 una
1508 2223 1582 2264 cum
1611 2195 1779 2264 coniectu-

326 2287 373 2360 ris
392 2287 612 2374 ¹eruditorum
645 2287 819 2374 supposui,
853 2287 899 2352 ita
933 2299 969 2351 ut
991 2285 1106 2372 Contt
1130 2287 1269 2367 indicia,
1303 2310 1382 2372 quae
1412 2287 1545 2367 retinui,
1568 2283 1641 2372 qnia
1654 2295 1782 2372 praeter

321 2393 409 2456 meas
437 2373 507 2458 aliis
535 2371 730 2438 editionibus
753 2393 828 2437 usus
849 2391 918 2438 esse
940 2373 1065 2438 censeri
1084 2383 1206 2470 potest,
1229 2375 1332 2456 quoad
1353 2371 1423 2437 fieri
1445 2383 1568 2460 posset,
1589 2369 1785 2436 illustrarem

326 2468 358 2518 et
374 2451 582 2542 corrigerem.
603 2453 812 2522 Ad'textum
835 2477 913 2524 vero
935 2459 1020 2542 quod
1041 2455 1173 2539 attinet,
1196 2481 1270 2523 cum
1291 2457 1471 2524 certissima
1492 2455 1628 2544 duplicis
1650 2457 1689 2518 ab
1712 2454 1783 2542 ipso

322 2541 540 2610 versificatore
561 2542 663 2608 factae
685 2543 883 2609 recensionis
907 2543 1041 2629 vestigia
1062 2543 1221 2630 reperisse
1242 2543 1325 2608 mihi
1352 2543 1499 2624 viderer,
1529 2563 1621 2606 curas
1643 2540 1711 2605 eius
1733 2563 1785 2603 se·

289 2659 294 2668 ·
321 2628 441 2692 cundas
460 2629 611 2694 restituto
633 2629 731 2694 simul
751 2625 895 2714 legitimo
913 2629 950 2695 in
965 2629 1177 2714 Lugdunensi
1198 2628 1340 2694 editione
1360 2629 1491 2713 eiusque
1510 2625 1696 2711 sequacibus
1718 2624 1784 2690 iam

321 2711 469 2777 exhibito
491 2735 644 2779 versuum
668 2713 785 2779 ordine
813 2713 970 2800 effingere
991 2713 1108 2778 studui.
1130 2713 1300 2780 Lectiones
1321 2725 1470 2800 receptae
1490 2714 1526 2778 in
1548 2711 1641 2777 libris
1663 2721 1785 2792 extant,
1838 2721 1840 2726 '

321 2799 466 2885 exceptis
489 2799 627 2881 duabus,
649 2803 787 2883 quarum
813 2801 912 2866 altera
941 2799 1077 2885 (1123)
1100 2799 1244 2880 Bartlrii,
1272 2802 1371 2864 altera
1399 2798 1450 2883 (v.
1472 2797 1555 2882 254)
1578 2819 1652 2862 mea
1672 2795 1784 2862 corrie-
1880 2873 1882 2876 Ι

320 2893 412 2948 ctura
434 2896 491 2948 est.
514 2885 629 2968 Neque
651 2883 740 2950 enim
763 2886 952 2967 docuere,
973 2909 1036 2972 pro
1060 2885 1288 2969 quoBartlrius
1310 2886 1485 2951 decuere
1507 2881 1692 2972 proposuit,
1714 2903 1786 2946 ser-

321 2967 393 3032 vari
415 2980 558 3055 poterat,
583 2991 687 3054 neque
700 2993 812 3036 versus
836 2974 966 3042 154:—
988 2973 1097 3053 „Nos
1120 2971 1254 3036 humilis
1271 2972 1385 3034 domus
1400 2981 1432 3034 et
1447 2969 1572 3038 sincera
1584 2967 1786 3056 parentum“

318 3051 355 3117 in
369 3051 458 3120 hunc
475 3055 612 3120 modum
628 3055 796 3121 emendari
817 3080 886 3122 non
908 3057 1059 3122 debebat:
1091 3059 1211 3137 „Non
1231 3055 1365 3120 humilis
1388 3055 1503 3120 domus
1525 3066 1558 3119 et
1578 3054 1704 3119 sincera
1725 3073 1785 3138 pa·
1868 3085 1869 3088 ¹

318 3140 488 3204 rentum.“
519 3141 602 3206 Nos
623 3151 785 3208 structura
806 3143 983 3211 verborum
1004 3139 1127 3206 reiicit:
1155 3165 1234 3206 non
1257 3141 1464 3208 commendat
1479 3145 1518 3206 'et
1538 3163 1649 3204 sensus
1669 3136 1732 3202 loci
1754 3149 1786 3220 et
1811 3208 1813 3213 ¹

270 3259 271 3262 ¹
320 3245 434 3300 nexus.
460 3225 503 3290 Se
524 3249 593 3292 non
614 3224 734 3292 humili
755 3249 873 3312 genere
895 3239 1006 3293 ortum
1027 3225 1049 3289 i.
1071 3251 1098 3290 e.
1119 3250 1152 3290 se
1174 3225 1364 3312 ingenuum,
1384 3249 1419 3290 se
1440 3225 1527 3290 haud
1538 3224 1647 3311 pravis
1665 3245 1786 3310 paren-

320 3307 406 3372 tibus
437 3321 551 3377 natum
574 3309 776 3376 versificator
805 3323 981 3395 asseverat,
1002 3310 1202 3410 paupertatis
1232 3323 1342 3378 tamen
1363 3311 1499 3397 caligine
1521 3311 1600 3375 adeo
1626 3309 1786 3374 obtectam

250 3421 253 3430 ¹
321 3393 456 3458 domum
485 3407 660 3483 parentum
688 3395 817 3482 fatetur,
839 3410 876 3462 ut
897 3397 968 3484 ipse
988 3397 1090 3462 laudis
1113 3397 1202 3463 viam
1217 3397 1374 3464 insistere
1395 3409 1540 3484 nequeat.
1561 3395 1635 3462 Hoc
1654 3393 1787 3462 firmant

318 3491 497 3562 sequentia:
592 3515 595 3526 ·
652 3515 656 3523 ·
1005 3517 1008 3520 ·

527 3568 738 3652 ,Possumus
759 3567 923 3658 impositis
946 3581 1044 3656 caput
1064 3593 1244 3637 exonerare
1263 3567 1406 3636 tenebris

534 3651 601 3736 „Et
624 3653 730 3722 lucem
751 3666 897 3744 spectare
919 3677 1054 3737 novam,
1077 3656 1105 3720 si
1127 3656 1203 3742 quid
1225 3657 1323 3722 modo
1346 3659 1448 3722 laetus

535 3736 693 3819 ‚,Annuis
716 3751 749 3804 et
770 3741 891 3808 nostris
914 3741 1106 3824 subscribis,
1129 3741 1281 3825 candide,
1304 3742 1398 3808 votis.
1491 3771 1492 3775 ¹
1626 3811 1627 3814 ,

406 3821 513 3886 Versu
536 3829 600 3894 239
622 3823 759 3892 Toantis
782 3827 834 3892 vel
855 3825 1017 3892 Thoantis
1039 3849 1338 3918 nomensuperare
1365 3851 1433 3896 non
1455 3825 1557 3915 potui.

406 3906 638 3992 Quaestionem
662 3911 702 3974 de
724 3920 856 3977 auctore
877 3912 1049 3996 carminis,
1072 3912 1206 3998 vestigia
1229 3911 1383 3999 duplicis,
1405 3935 1501 3998 quam
1518 3909 1682 3978 invenisse
1703 3906 1788 3974 mibi

324 3990 411 4090 visus
431 4015 520 4075 sum,
543 3993 753 4077 recensionis,
775 3995 938 4082 integram
959 3998 1118 4064 librorum
1142 3997 1304 4078 notitiam,
1326 4011 1532 4085 receptarum
1541 3996 1717 4062 lectionum
1732 3995 1790 4058 de·

318 4073 481 4144 sennones
504 4079 804 4166 explicationesque
822 4084 971 4150 locorum
987 4083 1213 4150 difficilimum
1231 4084 1337 4152 maior
1359 4107 1454 4170 quam
1467 4107 1547 4173 paro
1560 4081 1671 4156 Editio
1693 4078 1789 4146 dabit.
