4366 5410
1089 424 1112 494 8

988 520 1195 536 Μ

578 627 651 712 Ipse
671 625 767 690 fidem
788 621 929 700 movisse
949 617 1046 692 ferox
1068 637 1219 694 narratur
1241 625 1399 706 Achilles,⁴

579 727 739 813 Quamvis
761 727 849 794 millo
869 739 954 794 rates
975 727 1159 794 Priameius
1181 742 1294 796 ureret
1314 729 1412 794 heros

578 829 623 892 Et
643 829 752 914 gravis
774 831 975 916 obstreperet
995 829 1166 896 modulatis
1187 830 1323 896 buorina
1344 830 1463 898 nervis.

578 929 636 994 lllo
658 931 750 995 dulce
770 932 871 995 melos
894 930 1035 998 Nereius
1057 932 1186 996 extudit
1207 932 1304 998 heros

578 1030 714 1114 Pollice,
736 1031 893 1098 terribilis
915 1055 978 1118 quo
999 1031 1102 1098 Pelias
1124 1032 1191 1097 ibat
1212 1033 1249 1098 in
1269 1033 1407 1100 hostem.

578 1131 686 1198 Arma
709 1133 772 1196 tuis
795 1133 892 1198 etiem
913 1133 942 1198 si
963 1132 1050 1198 forte
1071 1145 1180 1200 rotare
1198 1135 1325 1200 lacertis
1434 1181 1436 1186 ·

533 1285 536 1293 .
578 1235 679 1318 Inque
700 1235 837 1320 gradum
860 1234 973 1299 clausis
995 1234 1090 1300 libuit
1111 1236 1287 1302 consistere
1308 1236 1466 1304 membris

578 1336 623 1398 Et
644 1335 747 1401 vitare
768 1334 883 1416 simul,
905 1335 1003 1400 simul
1023 1348 1207 1424 etcaptare
1228 1349 1409 1424 petentem:

578 1436 762 1502 Mobilitate
781 1438 904 1522 pedum
926 1439 1044 1504 celeres
1065 1461 1164 1526 super
1186 1437 1320 1504 orbibus
1342 1442 1437 1506 orbes

578 1537 696 1602 Flectis
718 1550 751 1602 et
772 1538 909 1622 obliquis
930 1537 1111 1624 fugientem
1133 1540 1279 1604 cursibus
1301 1563 1411 1627 urges:

578 1641 623 1703 Et
643 1639 859 1718 nunovivaci
880 1639 1032 1704 scrutaris
1055 1652 1187 1727 pectore
1209 1642 1335 1725 dextra,

578 1738 677 1806 Nunc
697 1743 779 1806 latus
800 1742 982 1806 adversum'
994 1742 1155 1828 necopino
1178 1744 1320 1828 percutis
1341 1743 1416 1810 ictu.

577 1841 650 1906 Nee
671 1841 732 1906 tibi
753 1841 914 1906 mobilitas
936 1843 1047 1908 minor
1070 1855 1135 1922 est,
1157 1843 1185 1908 si
1207 1842 1293 1909 forte
1314 1847 1477 1912 volantem

578 1942 650 2006 Aut
670 1943 838 2028 geminare
858 1943 959 2029 pilam
980 1945 1070 2008 iuvat
1091 1955 1146 2008 eut
1167 1969 1321 2012 revocare
1342 1943 1510 2014 cadentem

578 2045 623 2108 Et
643 2068 712 2110 uon
732 2057 862 2130 sperato
884 2043 1064 2130 fugientem
1085 2046 1221 2112 reddere
1242 2059 1343 2132 gestu.

577 2147 701 2212 Haeret
722 2145 758 2211 in
780 2146 858 2211 haec
879 2148 1018 2233 populus
1040 2149 1218 2234 spectacula
1238 2161 1366 2232 totaque
1387 2150 1479 2216 ludos

577 2248 691 2312 Turba
710 2254 845 2336 repente
866 2271 941 2330 suos
963 2247 1029 2312 iem
1050 2249 1236 2314 sudabunda
1256 2249 1420 2334 relinquit.

577 2350 629 2414 Te
648 2349 677 2413 si
698 2348 784 2413 forte
805 2349 896 2417 iuvat
917 2349 1101 2414 studiorum
1122 2351 1268 2436 pondere
1288 2348 1422 2436 fessum,
1538 2429 1540 2436 Α

576 2451 657 2518 Non
677 2452 830 2536 languere
850 2463 979 2532 temen,
1000 2452 1148 2536 lususque
1169 2475 1303 2520 movere
1323 2477 1385 2541 per
1407 2464 1511 2524 utem

578 2552 753 2618 Callidiore
773 2555 872 2620 modo
894 2555 1000 2618 tabula
1022 2552 1167 2618 varietur
1189 2567 1301 2640 aperta

578 2656 724 2719 Calculus
747 2666 779 2720 et
801 2654 905 2721 vitreo
928 2667 1129 2742 peraguntur
1150 2655 1254 2720 milite
1276 2657 1366 2742 bella,

576 2756 622 2821 Ut
643 2756 757 2822 niveus
779 2756 909 2842 nigros,
931 2780 1019 2822 nunc
1041 2769 1074 2820 et
1094 2756 1189 2841 niger
1211 2756 1318 2843 alliget
1338 2761 1435 2826 albos

576 2859 641 2922 Sed
662 2857 722 2922 tibi
743 2858 814 2944 quis
836 2881 904 2923 non
925 2869 1015 2942 terga
1038 2857 1147 2922 dedit?
1169 2857 1239 2942 quis
1262 2871 1294 2924 te
1316 2862 1397 2926 duee
1419 2863 1513 2926 cessit

573 2960 745 3024 Calculus?
766 2971 822 3026 aut
842 2959 913 3043 quis
935 2983 1002 3026 non
1025 2958 1192 3048 periturus
1214 2961 1358 3046 perdidit
1379 2961 1531 3031 hostem?

572 3059 663 3127 Mille
685 3061 791 3126 modis
813 3057 895 3131 acies
917 3072 972 3134 tue¹
994 3059 1143 3134 dimicat:
1165 3060 1218 3132 ille
1238 3063 1405 3148 petentem

569 3165 660 3234 Dum
681 3161 854 3258 fugit‚ipse
875 3161 977 3258 rapit:
1022 3164 1119 3254 longo
1142 3161 1232 3234 veuit
1253 3163 1307 3234 ille
1327 3185 1464 3248 recessu,

853 3459 1037 3528 Variae
1070 3461 1328 3528 lectiones

431 3653 574 3722 173.1pse
599 3651 680 3703 fidem
705 3651 826 3702 movisse
850 3648 948 3720 ferox)
973 3649 1043 3702 Anu
1066 3647 1124 3702 Sis
1148 3647 1309 3701 movisse'
1324 3647 1417 3701 fides
1440 3664 1578 3706 saevus.
1597 3649 1632 3707 0.
1658 3648 1705 3704 sie
1730 3649 1819 3720 Lugd-

360 3737 465 3807 Mr'eyll.
483 3739 590 3791 Bersm.
609 3755 632 3791 e.
655 3753 732 3803 mgo:
751 3736 834 3804 lpse
850 3734 955 3786 fidem
972 3737 1127 3788 movisse
1149 3735 1251 3787 ferox
1269 3733 1343 3788 Seal.
1361 3739 1390 3786 et
1413 3732 1432 3789 1.
1451 3734 1563 3806 aliquot.
1583 3735 1817 3806 -17t.horos)

359 3821 455 3875 melius
473 3822 578 3890 legetur
602 3822 750 3884 Hector,
770 3822 832 3890 quia
848 3819 953 3872 heros
971 3820 1050 3876 redit.
1069 3820 1103 3873 C.
1123 3850 1157 3861 -
1176 3819 1237 3876 176.
1250 3817 1375 3888 extudit)
1394 3817 1464 3871 Alii:
1483 3818 1590 3873 extulit.
1610 3820 1646 3874 0.
1663 3821 1710 3873 sis
1726 3820 1819 3876 Palm.

359 3907 436 3960 1576.
459 3907 553 3960 Aurel.
575 3937 609 3947 -
645 3905 705 3958 179.
722 3905 833 3976 Inque
856 3905 1020 3976 gradum)
1039 3905 1094 3956 vir
1111 3904 1222 3956 doetus:
1241 3905 1350 3974 Inque
1367 3904 1483 3971 gradu.
1501 3904 1537 3959 G.
1564 3905 1770 3958 ‚lu‘eonextt
1792 3905 1818 3963 1.

359 3993 469 4064 Lipsius
487 3993 590 4070 Satur-n
618 3991 658 4043 Π.
678 4009 700 4041 e.
717 3992 781 4044 tu«
802 3990 939 4044 Wernsd.
958 4021 991 4031 -
1027 3990 1088 4046 180.
1104 3991 1144 4041 Et
1160 3987 1267 4058 vitare)
1288 3989 1423 4050 Quidam
1447 3989 1494 4041 Et
1509 3992 1653 4044 virtute.
1670 3991 1819 4061 Gompte.

359 4073 392 4128 (l.
410 4108 443 4119 -
462 4077 521 4132 lea.
540 4077 662 4146 Fleetis)
681 4075 815 4128 Pleetis
833 4075 920 4144 Lugd.
940 4105 973 4116 -
1010 4076 1069 4129 183.
1089 4077 1128 4126 Et
1144 4073 1234 4143 nune)
1253 4073 1324 4124 Alii:
1347 4091 1433 4124 nuno
1452 4091 1595 4145 quoque.
1613 4075 1646 4129 Ο.
1665 4075 1712 4126 ste
1729 4075 1818 4143 Lugd.

356 4161 462 4234 Micyll.
491 4163 598 4217 Berem.
631 4182 654 4219 e.
679 4178 758 4230 mgos
786 4162 830 4212 Et
852 4178 940 4212 nune
963 4160 1037 4214 Seal.
1064 4161 1137 4212 -Vir
1167 4159 1262 4210 doetus
1295 4155 1445 4226 (Bauius
1475 4157 1595 4218 Adron.
1617 4159 1749 4211 XXVII.
1774 4161 1818 4216 13.

356 4245 515 4316 Wernsd)
541 4265 577 4298 ex
599 4249 656 4301 Me.
680 4247 726 4298 Bt
748 4263 833 4298 nune
857 4246 1035 4298 serutari·
1058 4243 1190 4298 vitalia
1212 4249 1359 4314 pectora
1382 4243 1518 4301 dextra.
1536 4272 1570 4286 -
1609 4244 1671 4302 188.
1700 4243 1815 4314 uuest)

287 4403 289 4406 Ι
358 4331 491 4394 Quidem:
509 4331 652 4386 Moeret.
668 4331 753 4386 Male.
774 4331 808 4387 (7.
1019 4368 1040 4409 .
