4366 5410
637 639 736 727 Quod
758 639 786 707 si
807 640 873 708 iem
896 641 1019 710 validae
1040 641 1124 710 mihi
1146 642 1248 709 robur
1269 640 1388 708 mentis
1409 637 1529 708 inesset
1664 635 1667 644 '

635 741 680 808 Et
701 743 820 810 solidus
842 743 968 833 primos
991 744 1142 834 impleret
1164 743 1297 832 spiritus
1321 767 1434 827 annos,
1606 749 1608 756 ’

637 841 807 914 Auderem
831 870 925 914 voces
948 871 1006 935 per
1028 847 1183 914 carmina
1196 844 1464 928 nostra-referre,

605 1004 609 1010 .
637 947 729 1030 Piso,
752 962 841 1016 tuas:
864 952 920 1014 sed
941 949 1024 1014 sessa
1045 951 1129 1015 labat
1151 947 1234 1014 mihi
1255 949 1400 1036 pondere
1422 949 1536 1014 cervix

610 1133 613 1144 Ι
637 1050 680 1116 Et
702 1050 892 1117 tremefacta
914 1054 1032 1118 cadunt
1055 1051 1179 1117 succiso
1201 1052 1325 1139 poplite
1346 1052 1502 1116 membra.

638 1151 692 1217 Sic
716 1177 775 1218 nec
797 1153 941 1220 olorinos
964 1156 1059 1218 audet
1080 1153 1255 1220 Pandionis
1278 1155 1340 1218 ales
1431 1193 1432 1198 κ
1665 1161 1670 1192 '

638 1255 743 1320 Parva
764 1249 890 1321 referre
910 1279 1025 1338 sonos,
1049 1277 1124 1338 nec,
1147 1256 1176 1319 si
1199 1256 1277 1321 velit
1299 1255 1468 1342 improbsj
1489 1252 1608 1341 possit:

638 1356 693 1420 Sic
715 1368 748 1421 et
769 1357 904 1422 addonis
927 1370 1120 1444 superantur
1142 1379 1221 1424 voce
1242 1357 1378 1439 cicadae,

639 1458 782 1522 Stridula
803 1481 877 1523 cum
901 1459 1015 1545 rapido
1037 1458 1161 1522 faciunt
1182 1459 1329 1524 convicia
1350 1460 1419 1525 soli.

643 1560 753 1644 Quare
776 1583 833 1646 age
855 1561 1000 1647 Calliope
1022 1561 1127 1647 posita
1149 1561 1305 1646 gravitate
1327 1560 1452 1626 forensi

639 1661 774 1728 Limina
795 1663 923 1727 Pisonis
945 1685 1074 1728 mecum
1096 1675 1195 1750 peto:¹
1209 1665 1302 1750 plura
1324 1675 1506 1750 supersunt,

642 1763 736 1847 Quae
756 1766 886 1830 laudare
908 1765 987 1831 velis
1010 1765 1142 1830 inventa
1161 1765 1330 1850 penatibus
1353 1765 1440 1852 ipsis.

641 1866 717 1930 Huc
739 1867 835 1931 etiam
857 1878 924 1932 tota
945 1865 1112 1933 concurrit
1133 1868 1172 1930 ab
1196 1869 1276 1932 urbe
1298 1867 1448 1932 iuventus

642 1967 809 2033 Auditura
831 1969 957 2052 virum,
980 1969 1008 2034 si
1031 1969 1157 2052 quando
1179 1968 1285 2034 iudice
1305 1969 1389 2033 fesso

642 2068 791 2134 Turbida
810 2072 945 2158 prolatis
968 2083 1137 2136 tacuerunt
1157 2069 1263 2156 iurgia
1284 2072 1389 2136 rebus.
1453 2123 1455 2126 .

642 2171 740 2237 Tunc
762 2172 883 2238 etenim
904 2173 1029 2239 levibus
1053 2172 1150 2237 veluti
1172 2174 1318 2259 proludit
1340 2173 1376 2240 in
1398 2175 1496 2240 armis
1600 2224 1606 2234 ,

645 2274 904 2362 Compositisque
926 2299 997 2340 suas
1019 2287 1149 2339 exercet
1169 2275 1279 2339 litibus
1302 2287 1395 2339 artes.

645 2376 739 2461 Quin
761 2376 859 2441 etiam
880 2375 982 2441 facilis
1004 2379 1154 2442 Romano
1176 2376 1315 2464 profluit
1335 2399 1393 2443 ore

645 2478 797 2561 Graecia,
821 2479 1060 2566 Cecropiaeque
1081 2491 1173 2544 sonat
1194 2479 1300 2563 gravis
1323 2482 1464 2546 aemulus
1485 2479 1568 2546 urbi.

645 2581 754 2646 Testis
776 2579 924 2646 Acidalia
946 2604 1025 2667 quae
1047 2581 1191 2645 condidit
1212 2581 1286 2645 alite
1307 2605 1419 2648 muros

645 2683 825 2748 Euboicam
846 2682 991 2749 referens
1013 2683 1151 2748 fecunda
1171 2683 1324 2768 Neapolis
1346 2706 1466 2750 arcem.

648 2784 779 2870 Qualis,
802 2788 835 2849 io
857 2786 985 2872 superi,
1008 2785 1108 2868 qualis
1132 2784 1222 2848 nitor
1245 2785 1311 2849 oris
1333 2787 1492 2852 amoenis

648 2885 809 2952 Vocibus!
839 2887 918 2952 hinc
939 2887 1042 2952 solido
1064 2885 1189 2972 fulgore
1210 2887 1364 2952 micantia
1385 2890 1484 2954 verba

648 2987 829 3074 Implevere
849 2991 955 3072 locos,
977 2990 1055 3054 hinc
1076 3002 1232 3054 exornata
1253 2987 1363 3074 figuris

649 3087 793 3156 Advolat
815 3113 949 3175 excusso
973 3094 1068 3158 velox
1089 3091 1248 3157 sententia
1268 3103 1377 3156 torno.

649 3193 770 3280 stagna
791 3193 920 3279 quidem
946 3193 1049 3262 virtus
1072 3205 1158 3278 erat,
1180 3205 1212 3258 et
1233 3193 1261 3257 si
1282 3194 1346 3260 sola
1368 3191 1489 3277 fuisset,

939 3487 1122 3558 Variae
1154 3490 1403 3558 lectiones.

515 3677 557 3732 ts.
574 3695 622 3737 vv.
645 3676 748 3733 72-84
772 3677 846 3738 Scel,
863 3678 931 3733 Jun.
953 3675 1045 3733 Puim.
1065 3675 1173 3735 Benm.
1191 3677 1286 3738 Aurei.
1305 3672 1532 3734 comwernsd.
1549 3673 1722 3748 posiv.261
1741 3677 1899 3750 'eoeperit

446 3763 643 3818 sinendum
660 3771 710 3819 etc.
733 3769 846 3835 ponunt.
869 3794 903 3807 —
921 3765 963 3820 ts.
979 3763 1058 3836 jem)
1076 3770 1146 3816 tam
1163 3761 1229 3816 dun
1246 3765 1336 3818 Pulm.
1357 3764 1450 3833 Scelig
1477 3781 1550 3834 nego.
1566 3765 1674 3820 Ber-sm.
1703 3765 1798 3819 Aurei.
1822 3767 1900 3819 Cort-

427 3847 583 3930 ''Wemed
600 3878 634 3892 -
652 3849 695 3905 74.
713 3849 814 3920 voees)
833 3851 932 3904 dotes
955 3852 1053 3904 coniec.
1078 3852 1224 3902 Santenius
1241 3851 1377 3904 Wernsd.
1394 3855 1458 3907 test.
1475 3878 1508 3889 -
1544 3849 1587 3905 77.
1605 3849 1760 3919 siciano
1778 3849 1847 3905 sed.
1866 3847 1900 3903 C.

446 3935 493 3988 Sic
509 3935 576 3988 Juu'.
592 3935 683 3991 Pium.
702 3937 881 4006 Scelig..mgo
899 3939 1021 3993 Benna
1040 3937 1109 3991 sed.
1128 3965 1161 3976 —
1186 3935 1229 3992 ts.
1246 3935 1380 4006 eddonis)
1402 3935 1579 3990 bedionis.
1601 3929 1690 4003 bugd.
1712 3938 1740 3986 iu
1763 3953 1825 4002 mge
1849 3939 1900 3986 sc-

446 4019 556 4077 douis.
586 4051 621 4064 -·
655 4021 699 4078 80.
721 4019 837 4094 rapido)
865 4019 988 4076 rabido
1012 4025 1110 4076 coniec.
1140 4024 1286 4074 Sautenius
1303 4021 1440 4076 Wemsd.
1464 4025 1527 4074 test.
1553 4047 1587 4061 -
1634 4021 1678 4073 83.
1707 4021 1795 4091 quoe)
1822 4019 1899 4090 quis

446 4106 552 4175 Micyll.
578 4105 656 4164 1⁵75.
674 4137 707 4150 -
744 4109 787 4164 85.
803 4105 912 4178 virum)
936 4127 1054 4160 verum
1075 4107 1181 4177 Mieytt.
1204 4108 1272 4162 1575
1289 4109 1355 4158 viiio
1372 4111 1433 4178 typ.
1452 4133 1484 4148 a·
1501 4105 1546 4162 87.
1566 4105 1686 4175 maim)
1702 4107 1772 4158 Alii·
1791 4108 1904 4160 etiam.

438 4192 479 4264 Ὶ(ἓ.
499 4193 545 4242 Sic
561 4191 667 4264 Micyll.
686 4191 793 4248 Bersm.
813 4213 835 4251 e.
854 4212 932 4262 mgot
951 4196 1092 4261 etenim,
1109 4192 1140 4246 li.
1158 4198 1225 4246 tres.
1243 4221 1276 4234 -—
1302 4192 1347 4250 88.
1364 4191 1595 4261 compositisque)
1614 4194 1904 4261 compositusque

446 4275 532 4345 bugd.
547 4265 652 4352 mayn
671 4263 748 4335 1⁵7⁵.
769 4310 802 4322 -
837 4277 963 4350 prosus)
992 4267 1203 4349 scissemus
1223 4279 1257 4340 c.
1275 4277 1322 4331 su
1341 4269 1564 4347 mquam.
1589 4295 1612 4335 0.
1629 4293 1707 4344 ωε..
1732 4273 1899 4346 profluit,
