4366 5410
475 1649 607 1771 Unde
628 1705 720 1792 prius
743 1701 851 1790 coepti
871 1701 984 1792 surgat
1005 1703 1090 1772 mihi
1110 1701 1264 1770 carminis
1279 1701 1367 1766 ordo

479 1811 613 1896 Quosve
635 1793 747 1872 canam
768 1806 899 1891 titulos,
920 1807 1036 1872 dubius
1058 1805 1158 1871 feror.
1203 1805 1293 1870 Hinc
1313 1815 1368 1867 tua
1374 1851 1384 1888 ,
1406 1802 1492 1888 Piso,

479 1908 641 1978 Nobilitas
662 1907 846 1994 veterisque
868 1909 969 1976 citant
990 1907 1142 1974 sublimia
1165 1906 1259 1993 Calpi

480 2011 627 2079 Nomina
647 2011 812 2078 Romanas
834 2011 922 2078 inter
944 2011 1100 2098 fulgentia
1121 2021 1251 2095 gentes:
1358 2047 1360 2054 ,

479 2115 571 2181 Hinc
591 2125 648 2177 tua
667 2133 722 2178 me
744 2113 849 2179 virtus
870 2113 958 2200 rapit
979 2127 1011 2179 et
1033 2113 1182 2178 miranda
1203 2134 1263 2198 per
1284 2134 1398 2178 omnes

481 2214 561 2284 Vita
582 2215 713 2282 modos:
735 2238 833 2300 quae,
855 2216 883 2280 si
906 2217 1029 2280 deesset
1050 2214 1110 2278 tibi
1132 2213 1217 2280 forte
1239 2225 1348 2280 creato

481 2317 665 2400 Nobilitas,
688 2319 800 2384 eadent
821 2341 884 2404 pro
906 2317 1073 2383 nobilitate
1094 2314 1217 2388 fuisset.

482 2421 572 2486 Nam
592 2419 670 2504 quid
691 2419 905 2506 imaginibus,
928 2419 1005 2504 quid
1026 2417 1121 2485 avitis
1143 2415 1224 2482 fulta
1246 2418 1426 2506 triumphis

481 2521 599 2604 'Atria,
621 2522 699 2606 quid
718 2521 808 2608 pleni
830 2522 1156 2586 numerosoconsule
1176 2518 1252 2584 fasti

485 2623 689 2707 Profuerint,
712 2623 739 2687 si
763 2623 830 2690 vita
849 2623 955 2688 labat?
976 2622 1064 2710 perit
1086 2622 1194 2688 omnis
1218 2624 1253 2690 in
1275 2624 1332 2688 illo

487 2726 605 2792 Gentis
625 2726 748 2808 honos,
771 2724 862 2790 cuius
882 2725 950 2788 laus
972 2725 1076 2790 estin
1097 2726 1229 2812 origine
1250 2729 1325 2791 sola.

485 2828 538 2895 'At
558 2840 612 2910 tu,
634 2828 690 2912 qui
711 2827 808 2892 tantis
829 2825 977 2890 animum
999 2825 1160 2892 natalibus
1180 2851 1294 2914 aequas

488 2933 533 2996 Et
554 2942 682 3016 partem
703 2928 807 3011 tituli,
829 2950 897 2992 non
920 2949 1103 3012 summam,
1124 2931 1218 3017 ponis
1240 2929 1373 3012 inillis,

488 3034 563 3119 Ipse
585 3031 746 3140 canendus
769 3029 848 3094 eris!
871 3051 947 3093 nam
969 3031 1049 3116 quid
1071 3056 1258 3098 memorare
1279 3054 1408 3098 necesse
1430 3045 1488 3114 est,

489 3135 538 3200 Ut
560 3135 674 3198 domus
696 3155 714 3197 a
737 3133 839 3217 Calpo
862 3154 987 3198 nomen
1009 3134 1187 3222 Calpurnia
1209 3136 1303 3198 ducat

492 3237 649 3320 Claraque
670 3233 798 3300 Pisonis
820 3233 933 3300 tulerit
957 3235 1150 3321 cognomina
1172 3236 1291 3321 prima,

490 3337 639 3403 Humida
661 3338 775 3400 callosa
796 3357 874 3400 cum
896 3337 1043 3425 pinseret
1063 3337 1185 3401 hordea
1207 3338 1343 3404 dextra?

493 3441 581 3520 Nec,
603 3437 631 3500 si
653 3449 768 3503 cuncta
788 3439 908 3523 velim,
930 3439 1076 3504 breviter
1099 3440 1269 3502 decurrere
1291 3438 1435 3524 possim:

493 3542 538 3607 Et
559 3539 651 3627 prius
673 3537 839 3608 aetheriae
860 3542 961 3606 moles
983 3541 1189 3624 circumvaga
1210 3539 1363 3604 flammae

495 3640 619 3710 Annua
640 3641 691 3707 bis
714 3641 802 3708 senis
823 3641 988 3712 revocabit
1009 3641 1175 3708 mensibus
1198 3654 1292 3725 astra,
1699 3665 1750 3724 20,
1812 3726 1814 3730 .

788 3846 973 3916 Variae
999 3851 1259 3915 lectiones.

295 3995 297 4000 -
353 3956 394 4014 V.
416 3958 441 4012 Β.
465 3953 554 4023 fulta)
584 3954 684 4006 Fortes
722 3951 827 4008 culta.
852 3933 954 4005 'C.--
999 3952 1024 4004 8.
1054 3950 1218 4020 triumphis)
1253 3957 1433 4024 »tropaeis
1468 3957 1556 4008 voluit
1589 3956 1749 4015 Heinsius.·

282 4039 421 4096 Werusd.
438 4068 472 4082 -
491 4041 533 4092 lo.
554 4038 599 4108 si)
617 4037 690 4090 Aliis
710 4041 773 4090 eui.
795 4040 828 4091 G.
847 4039 893 4089 Sic
910 4038 976 4088 Jun.
997 4035 1086 4088 Palm.
1106 4036 1207 4102 Scalig.
1226 4066 1259 4076 -
1289 4038 1331 4092 11.
1350 4040 1445 4091 Gentis
1463 4041 1570 4110 bonos)
1590 4045 1628 4094 sio
1645 4047 1688 4095 vir
1705 4046 1753 4097 do.

285 4133 354 4182 otua.
384 4129 418 4182 C.
450 4127 521 4178 Item
550 4124 639 4192 bugd.
663 4125 742 4176 1540.
770 4123 876 4192 Micyll.
904 4124 1012 4175 Ber-sm.
1042 4121 1215 4172 nobilitas
1238 4123 1305 4173 Jun.
1327 4123 1417 4176 Pulm.
1441 4127 1541 4194 Scallg.
1565 4129 1660 4183 Aurel.
1682 4149 1759 4201 lngo.¹

286 4215 395 4268 Boram.
412 4243 446 4254 -
470 4212 513 4266 ll.
532 4208 629 4277 enim)
650 4212 712 4262 eui.
733 4208 895 4264 Auretviflo
913 4207 1011 4277 typoth
1036 4205 1405 4278 utvtdotur.-11.laus)
1424 4209 1668 4280 latusLngd.tr.
1687 4221 1755 4270 t...

287 4299 332 4354 12.
348 4303 389 4351 At
406 4297 455 4367 tu)
475 4299 522 4350 Sic
545 4295 636 4364 tuga.
658 4294 763 4364 Micyll.
788 4297 895 4347 Boram.
919 4292 1032 4344 Felix.
1056 4292 1123 4343 Jun.
1147 4291 1238 4347 Palm.
1263 4292 1363 4361 Soalig.
1386 4296 1480 4349 Aur-el.
1503 4313 1567 4364 mgo
1590 4299 1699 4355 Bam,
1722 4329 1756 4344 .-

287 4383 331 4441 lt.
348 4381 517 4453 Calpurnia)
537 4380 758 4452 calphurnia
773 4379 861 4448 bugd.
879 4407 913 4420 —
937 4377 979 4429 17.
998 4375 1129 4446 humida)
1153 4377 1253 4444 Scalig.
1276 4381 1375 4433 conice.
1393 4379 1535 4437 tumida
1553 4408 1587 4424 ·-
1606 4383 1648 4442 19.
1667 4385 1758 4442 utho·

183 4527 187 4536 ,
289 4461 1351 4538 riae)aetherean.hu3d.aethereael'ulm.1564.Scalig.lllieyll.
1439 4485 1449 4494 -
1526 4531 1534 4544 ⁹

1331 4541 1347 4598 1
