<?xml version="1.0" encoding="UTF-8"?>
<!DOCTYPE html PUBLIC "-//W3C//DTD XHTML 1.0 Transitional//EN"
    "http://www.w3.org/TR/xhtml1/DTD/xhtml1-transitional.dtd">
<html xmlns="http://www.w3.org/1999/xhtml" xml:lang="en" lang="en">
 <head>
  <title>
</title>
<meta http-equiv="Content-Type" content="text/html;charset=utf-8" />
  <meta name='ocr-system' content='tesseract 3.04.00' />
  <meta name='ocr-capabilities' content='ocr_page ocr_carea ocr_par ocr_line ocrx_word'/>
</head>
<body>
  <div class='ocr_page' id='page_1' title='image "./incertiauctoris00heldgoog_0020.png"; bbox 0 0 4366 5410; ppageno 0'>
   <div class='ocr_carea' id='block_1_1' title="bbox 1043 412 1066 487">
    <p class='ocr_par' dir='ltr' id='par_1_1' title="bbox 1043 412 1066 487">
     <span class='ocr_line' id='line_1_1' title="bbox 1043 412 1066 487; baseline 0 0"><span class='ocrx_word' id='word_1_1' title='bbox 1043 412 1066 487; x_wconf 89' lang='grc'>7</span> 
     </span>
    </p>
   </div>
   <div class='ocr_carea' id='block_1_2' title="bbox 520 605 1474 3140">
    <p class='ocr_par' dir='ltr' id='par_1_2' title="bbox 520 605 1433 2326">
     <span class='ocr_line' id='line_1_2' title="bbox 532 605 1418 682; baseline 0.009 -8"><span class='ocrx_word' id='word_1_2' title='bbox 532 610 646 676; x_wconf 90' lang='lat' dir='ltr'><strong>Aurea</strong></span> <span class='ocrx_word' id='word_1_3' title='bbox 668 612 817 680; x_wconf 83' lang='lat' dir='ltr'><strong>terrificis</strong></span> <span class='ocrx_word' id='word_1_4' title='bbox 839 605 994 678; x_wconf 86' lang='lat' dir='ltr'><strong>obeoeoat</strong></span> <span class='ocrx_word' id='word_1_5' title='bbox 1012 611 1118 678; x_wconf 81' lang='lat' dir='ltr'><strong>sidera</strong></span> <span class='ocrx_word' id='word_1_6' title='bbox 1139 614 1268 682; x_wconf 79' lang='lat' dir='ltr'><strong>nimbis.</strong></span> <span class='ocrx_word' id='word_1_7' title='bbox 1347 629 1348 634; x_wconf 77' lang='grc'>’</span> <span class='ocrx_word' id='word_1_8' title='bbox 1415 627 1418 634; x_wconf 91' lang='grc'><strong><em>’</em></strong></span> 
     </span>
     <span class='ocr_line' id='line_1_3' title="bbox 534 713 1400 805; baseline 0.008 -27"><span class='ocrx_word' id='word_1_9' title='bbox 534 716 646 778; x_wconf 84' lang='lat' dir='ltr'><strong>Cessat</strong></span> <span class='ocrx_word' id='word_1_10' title='bbox 668 714 959 798; x_wconf 87' lang='lat' dir='ltr'><strong>hiems,·madidos</strong></span> <span class='ocrx_word' id='word_1_11' title='bbox 982 727 1014 780; x_wconf 84' lang='lat' dir='ltr'><strong>et</strong></span> <span class='ocrx_word' id='word_1_12' title='bbox 1035 713 1132 780; x_wconf 72' lang='lat' dir='ltr'><strong>simet</strong></span> <span class='ocrx_word' id='word_1_13' title='bbox 1154 741 1232 782; x_wconf 81' lang='lat' dir='ltr'><strong>vere</strong></span> <span class='ocrx_word' id='word_1_14' title='bbox 1254 719 1400 805; x_wconf 84' lang='lat' dir='ltr'><strong>capillos=</strong></span> 
     </span>
     <span class='ocr_line' id='line_1_4' title="bbox 533 814 1317 904; baseline 0.005 -24"><span class='ocrx_word' id='word_1_15' title='bbox 533 817 603 881; x_wconf 85' lang='lat' dir='ltr'><strong>Ver</strong></span> <span class='ocrx_word' id='word_1_16' title='bbox 625 814 710 902; x_wconf 87' lang='lat' dir='ltr'><strong>fugit</strong></span> <span class='ocrx_word' id='word_1_17' title='bbox 732 829 879 882; x_wconf 77' lang='lat' dir='ltr'><strong>aestates:</strong></span> <span class='ocrx_word' id='word_1_18' title='bbox 902 817 1057 881; x_wconf 83' lang='lat' dir='ltr'><strong>aestatum</strong></span> <span class='ocrx_word' id='word_1_19' title='bbox 1080 829 1171 904; x_wconf 76' lang='lat' dir='ltr'><strong>terga</strong></span> <span class='ocrx_word' id='word_1_20' title='bbox 1191 819 1317 885; x_wconf 80' lang='lat' dir='ltr'><strong>lacessit</strong></span> 
     </span>
     <span class='ocr_line' id='line_1_5' title="bbox 530 917 1382 988; baseline 0.005 -6"><span class='ocrx_word' id='word_1_21' title='bbox 530 917 1382 988; x_wconf 52' lang='lat' dir='ltr'><strong>Pmffiwmmmmfflmmmmmmffl:</strong></span> 
     </span>
     <span class='ocr_line' id='line_1_6' title="bbox 532 1011 1433 1106; baseline 0.004 -22"><span class='ocrx_word' id='word_1_22' title='bbox 532 1024 631 1105; x_wconf 85' lang='lat' dir='ltr'><strong>Ignea</strong></span> <span class='ocrx_word' id='word_1_23' title='bbox 652 1021 731 1104; x_wconf 88' lang='lat' dir='ltr'><strong>quin</strong></span> <span class='ocrx_word' id='word_1_24' title='bbox 753 1021 850 1084; x_wconf 86' lang='lat' dir='ltr'><strong>etiam</strong></span> <span class='ocrx_word' id='word_1_25' title='bbox 873 1021 1037 1106; x_wconf 80' lang='lat' dir='ltr'><strong>Superdm</strong></span> <span class='ocrx_word' id='word_1_26' title='bbox 1059 1033 1151 1106; x_wconf 90' lang='lat' dir='ltr'><strong>pater</strong></span> <span class='ocrx_word' id='word_1_27' title='bbox 1174 1045 1264 1088; x_wconf 84' lang='lat' dir='ltr'><strong>arma</strong></span> <span class='ocrx_word' id='word_1_28' title='bbox 1285 1011 1433 1092; x_wconf 88' lang='lat' dir='ltr'><strong>recondit</strong></span> 
     </span>
     <span class='ocr_line' id='line_1_7' title="bbox 532 1123 1328 1209; baseline 0.006 -23"><span class='ocrx_word' id='word_1_29' title='bbox 532 1124 576 1186; x_wconf 87' lang='lat' dir='ltr'><strong>Et</strong></span> <span class='ocrx_word' id='word_1_30' title='bbox 599 1123 832 1209; x_wconf 82' lang='lat' dir='ltr'><strong>Ganymedeae</strong></span> <span class='ocrx_word' id='word_1_31' title='bbox 853 1133 1003 1208; x_wconf 76' lang='lat' dir='ltr'><strong>repetens</strong></span> <span class='ocrx_word' id='word_1_32' title='bbox 1024 1123 1175 1188; x_wconf 84' lang='lat' dir='ltr'><strong>convivia</strong></span> <span class='ocrx_word' id='word_1_33' title='bbox 1197 1147 1328 1191; x_wconf 80' lang='lat' dir='ltr'><strong>mensae</strong></span> 
     </span>
     <span class='ocr_line' id='line_1_8' title="bbox 532 1224 1371 1308; baseline 0.006 -21"><span class='ocrx_word' id='word_1_34' title='bbox 532 1226 649 1288; x_wconf 90' lang='lat' dir='ltr'><strong>Pocula</strong></span> <span class='ocrx_word' id='word_1_35' title='bbox 670 1225 769 1288; x_wconf 89' lang='lat' dir='ltr'><strong>sumit</strong></span> <span class='ocrx_word' id='word_1_36' title='bbox 790 1247 844 1305; x_wconf 87' lang='lat' dir='ltr'><strong>ea,</strong></span> <span class='ocrx_word' id='word_1_37' title='bbox 867 1244 928 1308; x_wconf 87' lang='lat' dir='ltr'><strong>qua</strong></span> <span class='ocrx_word' id='word_1_38' title='bbox 949 1225 1046 1308; x_wconf 79' lang='lat' dir='ltr'><strong>gessit</strong></span> <span class='ocrx_word' id='word_1_39' title='bbox 1063 1224 1222 1308; x_wconf 70' lang='lat' dir='ltr'><strong>dulmine,</strong></span> <span class='ocrx_word' id='word_1_40' title='bbox 1246 1228 1371 1294; x_wconf 85' lang='lat' dir='ltr'><strong>dextra.</strong></span> 
     </span>
     <span class='ocr_line' id='line_1_9' title="bbox 520 1325 1400 1413; baseline 0.005 -22"><span class='ocrx_word' id='word_1_41' title='bbox 520 1326 754 1412; x_wconf 70' lang='lat' dir='ltr'><strong>Temporibus</strong></span> <span class='ocrx_word' id='word_1_42' title='bbox 777 1325 901 1390; x_wconf 86' lang='lat' dir='ltr'><strong>servire</strong></span> <span class='ocrx_word' id='word_1_43' title='bbox 925 1327 1033 1390; x_wconf 86' lang='lat' dir='ltr'><strong>decet:</strong></span> <span class='ocrx_word' id='word_1_44' title='bbox 1056 1325 1110 1409; x_wconf 88' lang='lat' dir='ltr'><strong>qui</strong></span> <span class='ocrx_word' id='word_1_45' title='bbox 1133 1338 1282 1413; x_wconf 85' lang='lat' dir='ltr'><strong>tempora</strong></span> <span class='ocrx_word' id='word_1_46' title='bbox 1303 1331 1400 1395; x_wconf 88' lang='lat' dir='ltr'><strong>certis</strong></span> 
     </span>
     <span class='ocr_line' id='line_1_10' title="bbox 531 1413 1372 1513; baseline 0.006 -22"><span class='ocrx_word' id='word_1_47' title='bbox 531 1427 735 1494; x_wconf 78' lang='lat' dir='ltr'><strong>Ponderibus</strong></span> <span class='ocrx_word' id='word_1_48' title='bbox 757 1413 924 1512; x_wconf 86' lang='lat' dir='ltr'><strong>pensavit,</strong></span> <span class='ocrx_word' id='word_1_49' title='bbox 945 1449 1023 1491; x_wconf 87' lang='lat' dir='ltr'><strong>eum</strong></span> <span class='ocrx_word' id='word_1_50' title='bbox 1045 1428 1078 1492; x_wconf 85' lang='lat' dir='ltr'><strong>si·</strong></span> <span class='ocrx_word' id='word_1_51' title='bbox 1097 1430 1177 1492; x_wconf 85' lang='lat' dir='ltr'><strong>bella</strong></span> <span class='ocrx_word' id='word_1_52' title='bbox 1200 1433 1372 1513; x_wconf 77' lang='lat' dir='ltr'><strong>vocabunt,</strong></span> 
     </span>
     <span class='ocr_line' id='line_1_11' title="bbox 532 1529 1378 1615; baseline 0 -18"><span class='ocrx_word' id='word_1_53' title='bbox 532 1529 628 1597; x_wconf 87' lang='lat' dir='ltr'><strong>Miles</strong></span> <span class='ocrx_word' id='word_1_54' title='bbox 652 1531 730 1594; x_wconf 87' lang='lat' dir='ltr'><strong>erit:</strong></span> <span class='ocrx_word' id='word_1_55' title='bbox 752 1529 780 1592; x_wconf 90' lang='lat' dir='ltr'><strong>si</strong></span> <span class='ocrx_word' id='word_1_56' title='bbox 802 1545 886 1614; x_wconf 84' lang='lat' dir='ltr'><strong>pax,</strong></span> <span class='ocrx_word' id='word_1_57' title='bbox 909 1529 1022 1614; x_wconf 88' lang='lat' dir='ltr'><strong>positis</strong></span> <span class='ocrx_word' id='word_1_58' title='bbox 1044 1542 1118 1613; x_wconf 87' lang='lat' dir='ltr'><strong>toga</strong></span> <span class='ocrx_word' id='word_1_59' title='bbox 1140 1530 1255 1615; x_wconf 85' lang='lat' dir='ltr'><strong>gestiet</strong></span> <span class='ocrx_word' id='word_1_60' title='bbox 1277 1533 1378 1597; x_wconf 87' lang='lat' dir='ltr'><strong>armis</strong></span> 
     </span>
     <span class='ocr_line' id='line_1_12' title="bbox 532 1620 1429 1716; baseline 0.004 -20"><span class='ocrx_word' id='word_1_61' title='bbox 532 1634 631 1696; x_wconf 86' lang='lat' dir='ltr'><strong>Hune</strong></span> <span class='ocrx_word' id='word_1_62' title='bbox 653 1629 725 1695; x_wconf 79' lang='lat' dir='ltr'><strong>fora</strong></span> <span class='ocrx_word' id='word_1_63' title='bbox 747 1643 913 1716; x_wconf 88' lang='lat' dir='ltr'><strong>pacatum,</strong></span> <span class='ocrx_word' id='word_1_64' title='bbox 934 1632 1109 1696; x_wconf 79' lang='lat' dir='ltr'><strong>bellantem</strong></span> <span class='ocrx_word' id='word_1_65' title='bbox 1131 1645 1234 1698; x_wconf 87' lang='lat' dir='ltr'><strong>castra</strong></span> <span class='ocrx_word' id='word_1_66' title='bbox 1257 1620 1429 1700; x_wconf 65' lang='lat' dir='ltr'><strong>decebant.</strong></span> 
     </span>
     <span class='ocr_line' id='line_1_13' title="bbox 532 1733 1378 1820; baseline 0.001 -21"><span class='ocrx_word' id='word_1_67' title='bbox 532 1733 626 1799; x_wconf 84' lang='lat' dir='ltr'><strong>Felix</strong></span> <span class='ocrx_word' id='word_1_68' title='bbox 649 1733 702 1796; x_wconf 92' lang='lat' dir='ltr'><strong>illa</strong></span> <span class='ocrx_word' id='word_1_69' title='bbox 724 1733 791 1796; x_wconf 84' lang='lat' dir='ltr'><strong>dies</strong></span> <span class='ocrx_word' id='word_1_70' title='bbox 813 1744 983 1818; x_wconf 83' lang='lat' dir='ltr'><strong>totumque</strong></span> <span class='ocrx_word' id='word_1_71' title='bbox 1005 1733 1149 1798; x_wconf 87' lang='lat' dir='ltr'><strong>canenda</strong></span> <span class='ocrx_word' id='word_1_72' title='bbox 1170 1756 1231 1820; x_wconf 85' lang='lat' dir='ltr'><strong>per</strong></span> <span class='ocrx_word' id='word_1_73' title='bbox 1252 1737 1378 1818; x_wconf 83' lang='lat' dir='ltr'><strong>orbem,</strong></span> 
     </span>
     <span class='ocr_line' id='line_1_14' title="bbox 534 1834 1412 1922; baseline 0.005 -23"><span class='ocrx_word' id='word_1_74' title='bbox 534 1838 625 1921; x_wconf 89' lang='lat' dir='ltr'><strong>Quae</strong></span> <span class='ocrx_word' id='word_1_75' title='bbox 647 1835 724 1916; x_wconf 23' lang='lat' dir='ltr'><strong>tib-i,</strong></span> <span class='ocrx_word' id='word_1_76' title='bbox 746 1835 857 1922; x_wconf 76' lang='lat' dir='ltr'><strong>uitales</strong></span> <span class='ocrx_word' id='word_1_77' title='bbox 878 1857 956 1898; x_wconf 89' lang='lat' dir='ltr'><strong>cum</strong></span> <span class='ocrx_word' id='word_1_78' title='bbox 977 1834 1126 1920; x_wconf 87' lang='lat' dir='ltr'><strong>primum</strong></span> <span class='ocrx_word' id='word_1_79' title='bbox 1147 1836 1289 1901; x_wconf 86' lang='lat' dir='ltr'><strong>traderet</strong></span> <span class='ocrx_word' id='word_1_80' title='bbox 1309 1859 1412 1920; x_wconf 84' lang='lat' dir='ltr'><strong>auras,</strong></span> 
     </span>
     <span class='ocr_line' id='line_1_15' title="bbox 534 1937 1352 2022; baseline -0.001 -18"><span class='ocrx_word' id='word_1_81' title='bbox 534 1937 681 2004; x_wconf 89' lang='lat' dir='ltr'><strong>Contulit</strong></span> <span class='ocrx_word' id='word_1_82' title='bbox 702 1937 891 2002; x_wconf 85' lang='lat' dir='ltr'><strong>innumeras</strong></span> <span class='ocrx_word' id='word_1_83' title='bbox 913 1937 1001 2001; x_wconf 87' lang='lat' dir='ltr'><strong>intra</strong></span> <span class='ocrx_word' id='word_1_84' title='bbox 1022 1948 1077 1999; x_wconf 91' lang='lat' dir='ltr'><strong>tua</strong></span> <span class='ocrx_word' id='word_1_85' title='bbox 1099 1948 1231 2022; x_wconf 86' lang='lat' dir='ltr'><strong>pectora</strong></span> <span class='ocrx_word' id='word_1_86' title='bbox 1254 1939 1352 2003; x_wconf 88' lang='lat' dir='ltr'><strong>dotes.</strong></span> 
     </span>
     <span class='ocr_line' id='line_1_16' title="bbox 533 2033 1400 2124; baseline -0.003 -16"><span class='ocrx_word' id='word_1_87' title='bbox 533 2041 622 2108; x_wconf 89' lang='lat' dir='ltr'><strong>Mira</strong></span> <span class='ocrx_word' id='word_1_88' title='bbox 642 2041 750 2104; x_wconf 89' lang='lat' dir='ltr'><strong>subest</strong></span> <span class='ocrx_word' id='word_1_89' title='bbox 771 2039 911 2124; x_wconf 84' lang='lat' dir='ltr'><strong>gravitas</strong></span> <span class='ocrx_word' id='word_1_90' title='bbox 934 2038 1021 2102; x_wconf 89' lang='lat' dir='ltr'><strong>inter</strong></span> <span class='ocrx_word' id='word_1_91' title='bbox 1043 2037 1132 2120; x_wconf 87' lang='lat' dir='ltr'><strong>fora,</strong></span> <span class='ocrx_word' id='word_1_92' title='bbox 1155 2033 1258 2104; x_wconf 83' lang='lat' dir='ltr'><strong>mirus</strong></span> <span class='ocrx_word' id='word_1_93' title='bbox 1282 2043 1400 2107; x_wconf 85' lang='lat' dir='ltr'><strong>omissa</strong></span> 
     </span>
     <span class='ocr_line' id='line_1_17' title="bbox 532 2137 1322 2228; baseline -0.001 -22"><span class='ocrx_word' id='word_1_94' title='bbox 532 2142 699 2228; x_wconf 81' lang='lat' dir='ltr'><strong>Paulisper</strong></span> <span class='ocrx_word' id='word_1_95' title='bbox 721 2141 877 2224; x_wconf 81' lang='lat' dir='ltr'><strong>gravitate</strong></span> <span class='ocrx_word' id='word_1_96' title='bbox 898 2143 996 2226; x_wconf 88' lang='lat' dir='ltr'><strong>lepos.</strong></span> <span class='ocrx_word' id='word_1_97' title='bbox 1018 2137 1046 2201; x_wconf 90' lang='lat' dir='ltr'><strong>si</strong></span> <span class='ocrx_word' id='word_1_98' title='bbox 1070 2140 1214 2204; x_wconf 89' lang='lat' dir='ltr'><strong>carmina</strong></span> <span class='ocrx_word' id='word_1_99' title='bbox 1234 2138 1322 2206; x_wconf 85' lang='lat' dir='ltr'><strong>forte</strong></span> 
     </span>
     <span class='ocr_line' id='line_1_18' title="bbox 533 2239 1243 2326; baseline -0.003 -17"><span class='ocrx_word' id='word_1_100' title='bbox 533 2246 672 2309; x_wconf 86' lang='lat' dir='ltr'><strong>Nectere</strong></span> <span class='ocrx_word' id='word_1_101' title='bbox 693 2243 818 2306; x_wconf 87' lang='lat' dir='ltr'><strong>ludenti</strong></span> <span class='ocrx_word' id='word_1_102' title='bbox 840 2241 926 2307; x_wconf 86' lang='lat' dir='ltr'><strong>iuvit</strong></span> <span class='ocrx_word' id='word_1_103' title='bbox 947 2239 1111 2305; x_wconf 86' lang='lat' dir='ltr'><strong>fluitantia</strong></span> <span class='ocrx_word' id='word_1_104' title='bbox 1133 2265 1243 2326; x_wconf 89' lang='lat' dir='ltr'><strong>versu,</strong></span> 
     </span>
    </p>

    <p class='ocr_par' dir='ltr' id='par_1_3' title="bbox 533 2343 1274 2428">
     <span class='ocr_line' id='line_1_19' title="bbox 533 2343 1274 2428; baseline 0.001 -18"><span class='ocrx_word' id='word_1_105' title='bbox 533 2345 684 2410; x_wconf 87' lang='lat' dir='ltr'><strong>Aonium</strong></span> <span class='ocrx_word' id='word_1_106' title='bbox 705 2344 808 2408; x_wconf 89' lang='lat' dir='ltr'><strong>facilis</strong></span> <span class='ocrx_word' id='word_1_107' title='bbox 831 2343 960 2422; x_wconf 84' lang='lat' dir='ltr'><strong>deducit</strong></span> <span class='ocrx_word' id='word_1_108' title='bbox 980 2343 1099 2428; x_wconf 84' lang='lat' dir='ltr'><strong>pagina</strong></span> <span class='ocrx_word' id='word_1_109' title='bbox 1121 2359 1274 2411; x_wconf 82' lang='lat' dir='ltr'><strong>carmen:</strong></span> 
     </span>
    </p>

    <p class='ocr_par' dir='ltr' id='par_1_4' title="bbox 533 2445 1385 2634">
     <span class='ocr_line' id='line_1_20' title="bbox 533 2445 1385 2533; baseline 0 -21"><span class='ocrx_word' id='word_1_110' title='bbox 533 2448 610 2512; x_wconf 86' lang='lat' dir='ltr'><strong>Sive</strong></span> <span class='ocrx_word' id='word_1_111' title='bbox 632 2446 751 2532; x_wconf 78' lang='lat' dir='ltr'><strong>drelyn</strong></span> <span class='ocrx_word' id='word_1_112' title='bbox 774 2445 884 2530; x_wconf 86' lang='lat' dir='ltr'><strong>digitis</strong></span> <span class='ocrx_word' id='word_1_113' title='bbox 906 2456 939 2508; x_wconf 87' lang='lat' dir='ltr'><strong>et</strong></span> <span class='ocrx_word' id='word_1_114' title='bbox 960 2445 1085 2508; x_wconf 83' lang='lat' dir='ltr'><strong>eburno</strong></span> <span class='ocrx_word' id='word_1_115' title='bbox 1108 2447 1245 2510; x_wconf 84' lang='lat' dir='ltr'><strong>verbere</strong></span> <span class='ocrx_word' id='word_1_116' title='bbox 1266 2450 1385 2533; x_wconf 79' lang='lat' dir='ltr'><strong>pulsas,</strong></span> 
     </span>
     <span class='ocr_line' id='line_1_21' title="bbox 533 2545 1326 2634; baseline -0.005 -18"><span class='ocrx_word' id='word_1_117' title='bbox 533 2549 645 2616; x_wconf 90' lang='lat' dir='ltr'><strong>Dulcis</strong></span> <span class='ocrx_word' id='word_1_118' title='bbox 668 2547 843 2634; x_wconf 89' lang='lat' dir='ltr'><strong>Apollinea</strong></span> <span class='ocrx_word' id='word_1_119' title='bbox 865 2547 1009 2630; x_wconf 86' lang='lat' dir='ltr'><strong>sequitur</strong></span> <span class='ocrx_word' id='word_1_120' title='bbox 1030 2545 1193 2611; x_wconf 86' lang='lat' dir='ltr'><strong>testudine</strong></span> <span class='ocrx_word' id='word_1_121' title='bbox 1215 2559 1326 2612; x_wconf 88' lang='lat' dir='ltr'><strong>cantus</strong></span> 
     </span>
    </p>

    <p class='ocr_par' dir='ltr' id='par_1_5' title="bbox 533 2647 1411 2942">
     <span class='ocr_line' id='line_1_22' title="bbox 533 2647 1388 2736; baseline 0 -20"><span class='ocrx_word' id='word_1_122' title='bbox 533 2654 577 2716; x_wconf 90' lang='lat' dir='ltr'><strong>Et</strong></span> <span class='ocrx_word' id='word_1_123' title='bbox 598 2663 630 2716; x_wconf 90' lang='lat' dir='ltr'><strong>te</strong></span> <span class='ocrx_word' id='word_1_124' title='bbox 653 2650 805 2715; x_wconf 87' lang='lat' dir='ltr'><strong>credibile</strong></span> <span class='ocrx_word' id='word_1_125' title='bbox 828 2661 876 2714; x_wconf 87' lang='lat' dir='ltr'><strong>est</strong></span> <span class='ocrx_word' id='word_1_126' title='bbox 897 2649 1029 2714; x_wconf 88' lang='lat' dir='ltr'><strong>Phoebo</strong></span> <span class='ocrx_word' id='word_1_127' title='bbox 1051 2647 1202 2714; x_wconf 83' lang='lat' dir='ltr'><strong>didicisse</strong></span> <span class='ocrx_word' id='word_1_128' title='bbox 1222 2651 1388 2736; x_wconf 86' lang='lat' dir='ltr'><strong>magistro.</strong></span> 
     </span>
     <span class='ocr_line' id='line_1_23' title="bbox 534 2751 1411 2844; baseline 0 -26"><span class='ocrx_word' id='word_1_129' title='bbox 534 2756 607 2818; x_wconf 92' lang='lat' dir='ltr'><strong>Nee</strong></span> <span class='ocrx_word' id='word_1_130' title='bbox 628 2754 747 2839; x_wconf 80' lang='lat' dir='ltr'><strong>pudeat</strong></span> <span class='ocrx_word' id='word_1_131' title='bbox 768 2751 1076 2840; x_wconf 86' lang='lat' dir='ltr'><strong>pepulisselyram,</strong></span> <span class='ocrx_word' id='word_1_132' title='bbox 1101 2773 1176 2814; x_wconf 90' lang='lat' dir='ltr'><strong>curn</strong></span> <span class='ocrx_word' id='word_1_133' title='bbox 1197 2774 1277 2838; x_wconf 88' lang='lat' dir='ltr'><strong>pace</strong></span> <span class='ocrx_word' id='word_1_134' title='bbox 1298 2775 1411 2844; x_wconf 86' lang='lat' dir='ltr'><strong>serena</strong></span> 
     </span>
     <span class='ocr_line' id='line_1_24' title="bbox 534 2851 1210 2942; baseline 0 -24"><span class='ocrx_word' id='word_1_135' title='bbox 534 2855 666 2930; x_wconf 84' lang='lat' dir='ltr'><strong>Publica</strong></span> <span class='ocrx_word' id='word_1_136' title='bbox 688 2854 809 2917; x_wconf 88' lang='lat' dir='ltr'><strong>securis</strong></span> <span class='ocrx_word' id='word_1_137' title='bbox 833 2855 994 2916; x_wconf 83' lang='lat' dir='ltr'><strong>exsultent</strong></span> <span class='ocrx_word' id='word_1_138' title='bbox 1016 2851 1080 2942; x_wconf 87' lang='lat' dir='ltr'><strong>otia</strong></span> <span class='ocrx_word' id='word_1_139' title='bbox 1102 2853 1210 2918; x_wconf 87' lang='lat' dir='ltr'><strong>terris.</strong></span> 
     </span>
    </p>

    <p class='ocr_par' dir='ltr' id='par_1_6' title="bbox 534 2949 1474 3140">
     <span class='ocr_line' id='line_1_25' title="bbox 536 2949 1474 3042; baseline -0.002 -20"><span class='ocrx_word' id='word_1_140' title='bbox 536 2961 607 3022; x_wconf 91' lang='lat' dir='ltr'><strong>Nec</strong></span> <span class='ocrx_word' id='word_1_141' title='bbox 628 2957 746 3042; x_wconf 83' lang='lat' dir='ltr'><strong>pudeat</strong></span> <span class='ocrx_word' id='word_1_142' title='bbox 767 2949 915 3018; x_wconf 85' lang='lat' dir='ltr'><strong>Phoebea</strong></span> <span class='ocrx_word' id='word_1_143' title='bbox 933 2953 1066 3038; x_wconf 82' lang='lat' dir='ltr'><strong>chelys,</strong></span> <span class='ocrx_word' id='word_1_144' title='bbox 1089 2953 1116 3016; x_wconf 86' lang='lat' dir='ltr'><strong>si</strong></span> <span class='ocrx_word' id='word_1_145' title='bbox 1139 2954 1282 3022; x_wconf 84' lang='lat' dir='ltr'><strong>creditur</strong></span> <span class='ocrx_word' id='word_1_146' title='bbox 1303 2955 1366 3022; x_wconf 90' lang='lat' dir='ltr'><strong>illis</strong></span> <span class='ocrx_word' id='word_1_147' title='bbox 1471 3028 1474 3032; x_wconf 46' lang='grc'><em>,</em></span> 
     </span>
     <span class='ocr_line' id='line_1_26' title="bbox 534 3055 1393 3140; baseline -0.002 -17"><span class='ocrx_word' id='word_1_148' title='bbox 534 3055 1393 3140; x_wconf 53' lang='lat' dir='ltr'><strong>mmmmmmmnmmmmm</strong></span> 
     </span>
    </p>
   </div>
   <div class='ocr_carea' id='block_1_3' title="bbox 825 3386 1296 3456">
    <p class='ocr_par' dir='ltr' id='par_1_7' title="bbox 825 3386 1296 3456">
     <span class='ocr_line' id='line_1_27' title="bbox 825 3386 1296 3456; baseline 0 -4"><span class='ocrx_word' id='word_1_149' title='bbox 825 3386 1009 3456; x_wconf 75' lang='lat' dir='ltr'><strong>Variae</strong></span> <span class='ocrx_word' id='word_1_150' title='bbox 1043 3391 1296 3456; x_wconf 82' lang='lat' dir='ltr'><strong>lectiones.</strong></span> 
     </span>
    </p>
   </div>
   <div class='ocr_carea' id='block_1_4' title="bbox 259 3581 1791 4421">
    <p class='ocr_par' dir='ltr' id='par_1_8' title="bbox 328 3581 1789 4258">
     <span class='ocr_line' id='line_1_28' title="bbox 329 3581 1787 3656; baseline -0.002 -13"><span class='ocrx_word' id='word_1_151' title='bbox 329 3591 434 3644; x_wconf 80' lang='lat' dir='ltr'><strong>siusex</strong></span> <span class='ocrx_word' id='word_1_152' title='bbox 451 3587 558 3656; x_wconf 69' lang='lat' dir='ltr'><strong>ingenio</strong></span> <span class='ocrx_word' id='word_1_153' title='bbox 576 3581 743 3636; x_wconf 79' lang='lat' dir='ltr'><strong>emendarit:</strong></span> <span class='ocrx_word' id='word_1_154' title='bbox 774 3581 862 3651; x_wconf 87' lang='lat' dir='ltr'><strong>Ipsa</strong></span> <span class='ocrx_word' id='word_1_155' title='bbox 878 3581 969 3632; x_wconf 85' lang='lat' dir='ltr'><strong>vicis</strong></span> <span class='ocrx_word' id='word_1_156' title='bbox 993 3581 1131 3636; x_wconf 83' lang='lat' dir='ltr'><strong>Natura</strong></span> <span class='ocrx_word' id='word_1_157' title='bbox 1154 3601 1239 3634; x_wconf 82' lang='lat' dir='ltr'><strong>suae</strong></span> <span class='ocrx_word' id='word_1_158' title='bbox 1263 3583 1405 3634; x_wconf 79' lang='lat' dir='ltr'><strong>variata</strong></span> <span class='ocrx_word' id='word_1_159' title='bbox 1435 3600 1599 3636; x_wconf 80' lang='lat' dir='ltr'><strong>recursus</strong></span> <span class='ocrx_word' id='word_1_160' title='bbox 1625 3586 1787 3644; x_wconf 78' lang='lat' dir='ltr'><strong>ordinet.</strong></span> 
     </span>
     <span class='ocr_line' id='line_1_29' title="bbox 329 3661 1788 3736; baseline -0.004 -8"><span class='ocrx_word' id='word_1_161' title='bbox 329 3679 424 3729; x_wconf 74' lang='lat' dir='ltr'><strong>Burm.</strong></span> <span class='ocrx_word' id='word_1_162' title='bbox 449 3669 561 3725; x_wconf 70' lang='lat' dir='ltr'><strong>mutel.</strong></span> <span class='ocrx_word' id='word_1_163' title='bbox 584 3663 644 3722; x_wconf 75' lang='lat' dir='ltr'><strong>Las.</strong></span> <span class='ocrx_word' id='word_1_164' title='bbox 663 3669 699 3724; x_wconf 77' lang='grc' dir='ltr'><strong>Τ.</strong></span> <span class='ocrx_word' id='word_1_165' title='bbox 723 3665 763 3720; x_wconf 83' lang='lat'><strong>11.</strong></span> <span class='ocrx_word' id='word_1_166' title='bbox 787 3668 872 3722; x_wconf 72' lang='lat'><strong>344..</strong></span> <span class='ocrx_word' id='word_1_167' title='bbox 896 3661 1034 3724; x_wconf 83' lang='lat' dir='ltr'><strong>Wernsd.</strong></span> <span class='ocrx_word' id='word_1_168' title='bbox 1053 3696 1086 3708; x_wconf 88' lang='lat'><em>-</em></span> <span class='ocrx_word' id='word_1_169' title='bbox 1122 3663 1183 3720; x_wconf 83' lang='grc'><strong>146.</strong></span> <span class='ocrx_word' id='word_1_170' title='bbox 1203 3668 1319 3720; x_wconf 85' lang='lat' dir='ltr'><strong>inversis</strong></span> <span class='ocrx_word' id='word_1_171' title='bbox 1343 3672 1371 3718; x_wconf 91' lang='lat' dir='ltr'><strong>et</strong></span> <span class='ocrx_word' id='word_1_172' title='bbox 1393 3665 1555 3736; x_wconf 82' lang='lat' dir='ltr'><strong>frondibus)</strong></span> <span class='ocrx_word' id='word_1_173' title='bbox 1580 3668 1725 3723; x_wconf 82' lang='lat' dir='ltr'><strong>Heinsius:</strong></span> <span class='ocrx_word' id='word_1_174' title='bbox 1756 3676 1788 3726; x_wconf 87' lang='lat' dir='ltr'><strong>i&#39;n</strong></span> 
     </span>
     <span class='ocr_line' id='line_1_30' title="bbox 328 3745 1787 3823; baseline -0.004 -13"><span class='ocrx_word' id='word_1_175' title='bbox 328 3761 451 3812; x_wconf 72' lang='lat' dir='ltr'><strong>vernis</strong></span> <span class='ocrx_word' id='word_1_176' title='bbox 469 3775 528 3810; x_wconf 88' lang='lat' dir='ltr'><strong>uec</strong></span> <span class='ocrx_word' id='word_1_177' title='bbox 545 3747 744 3810; x_wconf 77' lang='lat' dir='ltr'><strong>frondibus.</strong></span> <span class='ocrx_word' id='word_1_178' title='bbox 761 3783 794 3792; x_wconf 89' lang='lat'>—</span> <span class='ocrx_word' id='word_1_179' title='bbox 815 3745 876 3806; x_wconf 71' lang='lat'><strong>147.</strong></span> <span class='ocrx_word' id='word_1_180' title='bbox 894 3751 1005 3822; x_wconf 86' lang='lat' dir='ltr'><strong>fluidis)</strong></span> <span class='ocrx_word' id='word_1_181' title='bbox 1023 3753 1157 3822; x_wconf 88' lang='lat' dir='ltr'><strong>pluviis</strong></span> <span class='ocrx_word' id='word_1_182' title='bbox 1174 3751 1315 3808; x_wconf 85' lang='lat' dir='ltr'><strong>Heinsius.</strong></span> <span class='ocrx_word' id='word_1_183' title='bbox 1334 3783 1368 3792; x_wconf 91' lang='lat'>—</span> <span class='ocrx_word' id='word_1_184' title='bbox 1387 3752 1447 3808; x_wconf 84' lang='grc'><strong>148.</strong></span> <span class='ocrx_word' id='word_1_185' title='bbox 1466 3757 1494 3804; x_wconf 86' lang='lat' dir='ltr'><strong>ct</strong></span> <span class='ocrx_word' id='word_1_186' title='bbox 1513 3754 1609 3823; x_wconf 86' lang='lat' dir='ltr'><strong>siccat)</strong></span> <span class='ocrx_word' id='word_1_187' title='bbox 1629 3762 1659 3808; x_wconf 87' lang='lat' dir='ltr'><strong>nt</strong></span> <span class='ocrx_word' id='word_1_188' title='bbox 1677 3759 1787 3809; x_wconf 73' lang='lat' dir='ltr'><strong>siccet</strong></span> 
     </span>
     <span class='ocr_line' id='line_1_31' title="bbox 328 3831 1789 3908; baseline -0.001 -12"><span class='ocrx_word' id='word_1_189' title='bbox 328 3847 468 3898; x_wconf 81' lang='lat' dir='ltr'><strong>Heinsius.</strong></span> <span class='ocrx_word' id='word_1_190' title='bbox 486 3871 519 3882; x_wconf 94' lang='lat'><em>-</em></span> <span class='ocrx_word' id='word_1_191' title='bbox 539 3831 600 3897; x_wconf 83' lang='lat'><strong>151.</strong></span> <span class='ocrx_word' id='word_1_192' title='bbox 616 3837 742 3908; x_wconf 85' lang='lat' dir='ltr'><strong>nebulis)</strong></span> <span class='ocrx_word' id='word_1_193' title='bbox 761 3837 833 3889; x_wconf 77' lang='lat' dir='ltr'><strong>Atii:</strong></span> <span class='ocrx_word' id='word_1_194' title='bbox 866 3837 1001 3890; x_wconf 86' lang='lat' dir='ltr'><strong>nimbis.</strong></span> <span class='ocrx_word' id='word_1_195' title='bbox 1021 3840 1054 3890; x_wconf 87' lang='lat' dir='ltr'><strong>C.</strong></span> <span class='ocrx_word' id='word_1_196' title='bbox 1076 3834 1124 3890; x_wconf 74' lang='lat' dir='ltr'><strong>&#39;sn</strong></span> <span class='ocrx_word' id='word_1_197' title='bbox 1146 3839 1214 3889; x_wconf 88' lang='lat' dir='ltr'><strong>Jun.</strong></span> <span class='ocrx_word' id='word_1_198' title='bbox 1239 3837 1330 3892; x_wconf 90' lang='lat' dir='ltr'><strong>Pulm.</strong></span> <span class='ocrx_word' id='word_1_199' title='bbox 1354 3837 1455 3906; x_wconf 76' lang='lat' dir='ltr'><strong>Scelig.</strong></span> <span class='ocrx_word' id='word_1_200' title='bbox 1479 3856 1542 3906; x_wconf 79' lang='lat' dir='ltr'><strong>mgo</strong></span> <span class='ocrx_word' id='word_1_201' title='bbox 1565 3841 1672 3896; x_wconf 87' lang='lat' dir='ltr'><strong>Bersm.</strong></span> <span class='ocrx_word' id='word_1_202' title='bbox 1695 3843 1789 3898; x_wconf 83' lang='lat' dir='ltr'><strong>Aurei.</strong></span> 
     </span>
     <span class='ocr_line' id='line_1_32' title="bbox 330 3917 1788 3994; baseline -0.008 -12"><span class='ocrx_word' id='word_1_203' title='bbox 330 3932 468 3984; x_wconf 84' lang='lat' dir='ltr'><strong>Heinsius.</strong></span> <span class='ocrx_word' id='word_1_204' title='bbox 493 3926 641 3979; x_wconf 85' lang='lat' dir='ltr'><strong>nubibus</strong></span> <span class='ocrx_word' id='word_1_205' title='bbox 659 3924 747 3991; x_wconf 68' lang='lat' dir='ltr'><strong>bugd.</strong></span> <span class='ocrx_word' id='word_1_206' title='bbox 764 3924 792 3974; x_wconf 91' lang='lat' dir='ltr'><strong>iu</strong></span> <span class='ocrx_word' id='word_1_207' title='bbox 809 3940 871 3990; x_wconf 80' lang='lat' dir='ltr'><strong>urge</strong></span> <span class='ocrx_word' id='word_1_208' title='bbox 888 3917 1038 3976; x_wconf 85' lang='lat' dir='ltr'><strong>nebulis.</strong></span> <span class='ocrx_word' id='word_1_209' title='bbox 1058 3919 1201 3976; x_wconf 83' lang='lat' dir='ltr'><strong>nivibus</strong></span> <span class='ocrx_word' id='word_1_210' title='bbox 1219 3922 1348 3976; x_wconf 81' lang='lat' dir='ltr'><strong>Bar-thius</strong></span> <span class='ocrx_word' id='word_1_211' title='bbox 1366 3921 1436 3978; x_wconf 85' lang='lat' dir='ltr'><strong>vult.</strong></span> <span class='ocrx_word' id='word_1_212' title='bbox 1455 3954 1489 3964; x_wconf 97' lang='lat'>—</span> <span class='ocrx_word' id='word_1_213' title='bbox 1515 3926 1574 3978; x_wconf 86' lang='lat'><strong>151.</strong></span> <span class='ocrx_word' id='word_1_214' title='bbox 1592 3924 1691 3994; x_wconf 85' lang='lat' dir='ltr'><strong>undis)</strong></span> <span class='ocrx_word' id='word_1_215' title='bbox 1711 3929 1788 3980; x_wconf 75' lang='lat' dir='ltr'><strong>ustis</strong></span> 
     </span>
     <span class='ocr_line' id='line_1_33' title="bbox 330 4007 1788 4078; baseline -0.002 -12"><span class='ocrx_word' id='word_1_216' title='bbox 330 4017 469 4066; x_wconf 86' lang='lat' dir='ltr'><strong>Heinsius.</strong></span> <span class='ocrx_word' id='word_1_217' title='bbox 495 4043 529 4054; x_wconf 89' lang='lat'><em>-</em></span> <span class='ocrx_word' id='word_1_218' title='bbox 565 4013 624 4062; x_wconf 75' lang='lat'><strong>152.</strong></span> <span class='ocrx_word' id='word_1_219' title='bbox 655 4007 795 4077; x_wconf 87' lang='lat' dir='ltr'><strong>recondit)</strong></span> <span class='ocrx_word' id='word_1_220' title='bbox 821 4009 920 4059; x_wconf 75' lang='lat' dir='ltr'><strong>Fortes</strong></span> <span class='ocrx_word' id='word_1_221' title='bbox 948 4011 1100 4078; x_wconf 83' lang='lat' dir='ltr'><strong>reponit.</strong></span> <span class='ocrx_word' id='word_1_222' title='bbox 1124 4007 1262 4060; x_wconf 85' lang='lat' dir='ltr'><strong>Wernsd.</strong></span> <span class='ocrx_word' id='word_1_223' title='bbox 1280 4039 1313 4048; x_wconf 97' lang='lat'>-</span> <span class='ocrx_word' id='word_1_224' title='bbox 1350 4008 1410 4060; x_wconf 89' lang='grc'><strong>154.</strong></span> <span class='ocrx_word' id='word_1_225' title='bbox 1438 4009 1542 4078; x_wconf 79' lang='lat' dir='ltr'><strong>gessit)</strong></span> <span class='ocrx_word' id='word_1_226' title='bbox 1571 4009 1668 4060; x_wconf 74' lang='lat' dir='ltr'><strong>Fortes</strong></span> <span class='ocrx_word' id='word_1_227' title='bbox 1694 4013 1788 4067; x_wconf 87' lang='lat' dir='ltr'><strong>iecit.</strong></span> 
     </span>
     <span class='ocr_line' id='line_1_34' title="bbox 330 4087 1788 4166; baseline -0.002 -15"><span class='ocrx_word' id='word_1_228' title='bbox 330 4099 468 4151; x_wconf 84' lang='lat' dir='ltr'><strong>Wornsd.</strong></span> <span class='ocrx_word' id='word_1_229' title='bbox 486 4127 520 4138; x_wconf 89' lang='lat'><em>-</em></span> <span class='ocrx_word' id='word_1_230' title='bbox 555 4087 615 4149; x_wconf 69' lang='lat'><strong>15‘7.</strong></span> <span class='ocrx_word' id='word_1_231' title='bbox 631 4094 750 4164; x_wconf 76' lang='lat' dir='ltr'><strong>gestiet)</strong></span> <span class='ocrx_word' id='word_1_232' title='bbox 769 4089 840 4146; x_wconf 83' lang='lat' dir='ltr'><strong>Alii:</strong></span> <span class='ocrx_word' id='word_1_233' title='bbox 864 4096 1009 4144; x_wconf 76' lang='lat' dir='ltr'><strong>vestiet.</strong></span> <span class='ocrx_word' id='word_1_234' title='bbox 1036 4095 1068 4148; x_wconf 84' lang='lat' dir='ltr'><strong>C.</strong></span> <span class='ocrx_word' id='word_1_235' title='bbox 1091 4095 1170 4146; x_wconf 83' lang='lat' dir='ltr'><strong>»Hoc</strong></span> <span class='ocrx_word' id='word_1_236' title='bbox 1193 4097 1275 4145; x_wconf 88' lang='lat' dir='ltr'><strong>etiam</strong></span> <span class='ocrx_word' id='word_1_237' title='bbox 1296 4095 1403 4147; x_wconf 79' lang='lat' dir='ltr'><strong>Ber-sm.</strong></span> <span class='ocrx_word' id='word_1_238' title='bbox 1426 4112 1478 4164; x_wconf 86' lang='lat' dir='ltr'><strong>pre</strong></span> <span class='ocrx_word' id='word_1_239' title='bbox 1499 4095 1623 4145; x_wconf 83' lang='lat' dir='ltr'><strong>variante</strong></span> <span class='ocrx_word' id='word_1_240' title='bbox 1652 4099 1788 4166; x_wconf 81' lang='lat' dir='ltr'><strong>apposuit,</strong></span> 
     </span>
     <span class='ocr_line' id='line_1_35' title="bbox 330 4173 1788 4258; baseline -0.007 -19"><span class='ocrx_word' id='word_1_241' title='bbox 330 4191 390 4258; x_wconf 86' lang='lat' dir='ltr'><strong>ipse</strong></span> <span class='ocrx_word' id='word_1_242' title='bbox 407 4191 497 4236; x_wconf 79' lang='lat' dir='ltr'><strong>tamen</strong></span> <span class='ocrx_word' id='word_1_243' title='bbox 515 4189 544 4234; x_wconf 86' lang='lat' dir='ltr'><strong>et</strong></span> <span class='ocrx_word' id='word_1_244' title='bbox 561 4183 659 4232; x_wconf 81' lang='lat' dir='ltr'><strong>caeteri</strong></span> <span class='ocrx_word' id='word_1_245' title='bbox 675 4183 807 4248; x_wconf 77' lang='lat' dir='ltr'><strong>gestiet</strong></span> <span class='ocrx_word' id='word_1_246' title='bbox 830 4173 1000 4230; x_wconf 68' lang='lat' dir='ltr'><strong>ediderunt«</strong></span> <span class='ocrx_word' id='word_1_247' title='bbox 1021 4175 1460 4249; x_wconf 80' lang='lat' dir='ltr'><strong>Wernsd.-158.decebunt)</strong></span> <span class='ocrx_word' id='word_1_248' title='bbox 1485 4179 1657 4231; x_wconf 77' lang='lat' dir='ltr'><strong>docebunt</strong></span> <span class='ocrx_word' id='word_1_249' title='bbox 1682 4182 1788 4252; x_wconf 71' lang='lat' dir='ltr'><strong>ltlieyll,</strong></span> 
     </span>
    </p>

    <p class='ocr_par' dir='ltr' id='par_1_9' title="bbox 259 4255 1791 4421">
     <span class='ocr_line' id='line_1_36' title="bbox 259 4255 1791 4338; baseline -0.011 -14"><span class='ocrx_word' id='word_1_250' title='bbox 259 4308 261 4312; x_wconf 30' lang='grc' dir='ltr'><strong>ψ</strong></span> <span class='ocrx_word' id='word_1_251' title='bbox 331 4272 417 4338; x_wconf 68' lang='lat' dir='ltr'><strong>bugd.</strong></span> <span class='ocrx_word' id='word_1_252' title='bbox 438 4271 514 4323; x_wconf 77' lang='lat'><strong>1575.</strong></span> <span class='ocrx_word' id='word_1_253' title='bbox 534 4255 567 4308; x_wconf 37' lang='lat'><strong>⁵—-</strong></span> <span class='ocrx_word' id='word_1_254' title='bbox 587 4266 645 4321; x_wconf 82' lang='lat'><strong>159.</strong></span> <span class='ocrx_word' id='word_1_255' title='bbox 665 4264 778 4334; x_wconf 84' lang='lat' dir='ltr'><strong>orbem)</strong></span> <span class='ocrx_word' id='word_1_256' title='bbox 797 4257 868 4316; x_wconf 84' lang='lat' dir='ltr'><strong>Alii:</strong></span> <span class='ocrx_word' id='word_1_257' title='bbox 894 4275 1023 4316; x_wconf 70' lang='lat' dir='ltr'><strong>aevum.</strong></span> <span class='ocrx_word' id='word_1_258' title='bbox 1044 4261 1558 4334; x_wconf 19' lang='lat' dir='ltr'><strong>c.&#39;si01.ugd.tnieyu.nmmss‚e.</strong></span> <span class='ocrx_word' id='word_1_259' title='bbox 1579 4283 1656 4335; x_wconf 58' lang='lat' dir='ltr'><strong>msa:</strong></span> <span class='ocrx_word' id='word_1_260' title='bbox 1677 4267 1791 4322; x_wconf 64' lang='lat' dir='ltr'><strong>orbem</strong></span> 
     </span>
     <span class='ocr_line' id='line_1_37' title="bbox 333 4338 1323 4421; baseline -0.007 -13"><span class='ocrx_word' id='word_1_261' title='bbox 333 4357 391 4409; x_wconf 83' lang='lat' dir='ltr'><strong>libr.</strong></span> <span class='ocrx_word' id='word_1_262' title='bbox 411 4355 526 4408; x_wconf 51' lang='lat' dir='ltr'><strong>duor-</strong></span> <span class='ocrx_word' id='word_1_263' title='bbox 563 4354 622 4408; x_wconf 77' lang='lat'><strong>170.</strong></span> <span class='ocrx_word' id='word_1_264' title='bbox 641 4350 763 4419; x_wconf 77' lang='lat' dir='ltr'><strong>securis)</strong></span> <span class='ocrx_word' id='word_1_265' title='bbox 784 4369 926 4403; x_wconf 79' lang='lat' dir='ltr'><strong>securus</strong></span> <span class='ocrx_word' id='word_1_266' title='bbox 946 4338 1193 4404; x_wconf 71' lang='lat' dir='ltr'><strong>Jun.1³utm.&#39;tnto</strong></span> <span class='ocrx_word' id='word_1_267' title='bbox 1210 4355 1269 4421; x_wconf 70' lang='lat' dir='ltr'><strong>cyp.</strong></span> <span class='ocrx_word' id='word_1_268' title='bbox 1290 4379 1323 4390; x_wconf 89' lang='lat'>-</span> 
     </span>
    </p>
   </div>
   <div class='ocr_carea' id='block_1_5' title="bbox 0 0 2193 5410">
    <p class='ocr_par' dir='ltr' id='par_1_10' title="bbox 0 0 2193 5410">
     <span class='ocr_line' id='line_1_38' title="bbox 0 0 2193 5410; baseline 0 0"><span class='ocrx_word' id='word_1_269' title='bbox 0 0 2193 5410; x_wconf 95' lang='lat' dir='ltr'><strong> </strong></span> 
     </span>
    </p>
   </div>
  </div>
 </body>
</html>
