4366 5410
1036 340 1059 414 6
1112 413 1127 420 -

531 547 603 612 Nec
624 543 792 632 quitquam
814 552 893 611 vero
914 541 1060 632 pretium
1081 542 1218 630 largitur
1239 543 1357 628 amieo,·
1446 569 1450 576 ·

531 648 642 734 Quem
663 658 754 734 regat
775 660 823 714 ex‘
839 667 939 731 aequo
961 645 1148 732 vicibusque
1169 657 1299 731 regatur
1317 648 1360 710 'eb
1382 646 1457 712 illo:

531 750 595 812 Sed
617 749 777 814 miserum
798 771 899 835 parva
919 747 1003 834 stipe
1025 749 1195 828 munerat,
1216 760 1254 814 ut
1275 748 1480 834 pudibundos

530 852 696 916 Exercere
716 851 795 914 sales
818 849 906 915 inter
928 849 1079 916 convivia
1099 850 1210 936 possit.

531 956 594 1018 Ista
615 953 730 1038 procul
750 953 852 1034 labes,
874 953 990 1038 procul
1012 951 1090 1016 haec
1110 950 1244 1018 fortuna
1267 951 1400 1038 refugit,

530 1054 626 1135 Piso,
650 1064 737 1117 tuam
760 1054 942 1120 venerande
965 1053 1108 1118 domum.
1151 1055 1205 1118 Tu
1228 1053 1316 1118 mitis
1339 1067 1372 1120 et
1393 1051 1460 1120 acri

531 1154 721 1242 Asperitate
742 1177 853 1222 carens
875 1154 1046 1240 positoque
1067 1178 1128 1241 per
1150 1156 1262 1221 omnia
1281 1154 1367 1220 fastu

531 1258 621 1321 Inter
642 1267 679 1318 ut
700 1258 842 1340 aequales
865 1278 948 1320 unus
970 1255 1152 1322 numeraris
1175 1257 1295 1322 amicos

534 1356 797 1442 Obsequiumque
820 1358 913 1422 doces
935 1368 1135 1422 clamorem
1157 1358 1282 1442 quaeris
1304 1361 1451 1425 amando.

534 1461 659 1524 Cuncta
681 1459 795 1522 domus
818 1456 908 1522 varia
930 1459 1092 1524 cultorum
1113 1472 1267 1545 personat
1288 1473 1368 1544 arte,

534 1563 660 1627 Cuncta
681 1571 792 1624 movet
813 1559 972 1624 studium:
996 1583 1055 1624 nec
1077 1560 1167 1626 enim
1186 1561 1247 1624 tibi
1270 1563 1350 1627 dura
1371 1562 1526 1630 clientum

533 1664 647 1729 Turba
667 1661 799 1732 rudisve
820 1663 940 1746 placet,
962 1662 1082 1727 misero
1104 1684 1183 1746 quae
1204 1661 1288 1728 freta
1307 1665 1417 1731 labore

533 1765 593 1828 Nil
613 1762 679 1828 nisi
701 1775 865 1828 summoto
888 1762 981 1828 novit
1001 1765 1204 1848 praecedere,
1216 1768 1324 1852 vulgo,

534 1866 597 1929 Sed
619 1864 724 1930 virtus
746 1887 920 1930 numerosa
939 1863 1038 1930 iuvat.
1080 1866 1135 1930 Tu
1157 1889 1279 1953 pronus
1301 1867 1338 1934 in
1359 1891 1458 1934 omne

533 1968 670 2030 Pectora
691 1965 780 2028 ducis
803 1987 901 2051 opus,
923 1988 980 2028 eeu
1001 1977 1033 2030 te
1054 1967 1205 2050 graviora
1226 1981 1394 2052 vocarunt,

535 2069 600 2132 Seu
620 2066 743 2132 leviora
764 2067 898 2132 iuvant:
921 2089 981 2130 nec
1002 2067 1093 2132 enim
1114 2067 1264 2136 facundia
1284 2094 1414 2158 semper

534 2168 687 2234 Adducta
709 2191 785 2236 cum
805 2165 915 2234 fronte
934 2169 1054 2253 placet:
1077 2193 1137 2236 nec
1158 2193 1287 2257 semper
1309 2172 1464 2238 inarmis

534 2271 654 2337 Bellica
675 2271 770 2335 turba
790 2280 915 2351 manet,
937 2293 998 2334 nec
1018 2281 1086 2335 tota
1108 2267 1254 2336 classicus
1276 2273 1396 2338 horror

535 2375 641 2438 Nocte
663 2371 777 2455 dieque
797 2369 915 2456 gemit,
938 2394 999 2436 nec
1020 2395 1150 2460 temper
1172 2372 1329 2439 Gnossius
1351 2397 1429 2442 arou

535 2473 703 2555 Destinat,
725 2485 855 2538 exemto
876 2473 932 2538 sed
953 2474 1040 2538 laxat
1061 2496 1184 2540 cornua
1204 2499 1319 2558 nervo,

536 2578 581 2640 Et
601 2575 691 2660 galea
710 2573 803 2640 miles
825 2586 922 2662 caput
942 2586 975 2640 et
995 2577 1076 2640 latus
1098 2599 1175 2642 ente
1194 2577 1337 2642 resolvit.

535 2678 609 2763 Ipsa
631 2674 717 2748 vicet
739 2688 854 2742 natura
874 2676 961 2740 subit
982 2675 1165 2762 variataque
1186 2701 1298 2742 cursus

538 2777 697 2859 Ordinat,
721 2775 858 2846 inversis
876 2789 913 2842 'et
933 2775 1104 2844 frondibus
1127 2779 1267 2866 explicat
1288 2802 1419 2870 aunum.

537 2881 616 2948 Nou
636 2901 765 2968 semper
786 2878 897 2946 fluidis
918 2880 1091 2969 adopertus
1113 2880 1252 2948 nubibus
1274 2883 1384 2952 aether
1442 2930 1447 2942 .

817 3323 1003 3396 Variae
1035 3327 1287 3402 lectionem

401 3525 461 3582 126.
478 3525 620 3596 munerat)
645 3522 702 3578 alit
718 3523 854 3579 focilat.
873 3527 907 3580 G.
924 3527 971 3580 Sic
994 3525 1083 3596 bugd.
1100 3525 1207 3598 Micyll.
1224 3527 1332 3580 Boram.
1352 3544 1375 3578 e.
1394 3543 1472 3596 uago:
1491 3531 1653 3582 muneret
1670 3527 1743 3584 Seel.
1761 3535 1789 3581 et

330 3614 396 3670 duo.
416 3599 569 3682 {Antiquae
586 3609 648 3670 odd.
665 3615 727 3664 aute
744 3611 818 3665 Seal.
836 3617 864 3664 et
880 3613 960 3678 Jum,
977 3617 1009 3664 ut
1026 3617 1054 3665 et
1069 3614 1194 3678 Ber-em„
1213 3615 1251 3664 eie
1268 3611 1397 3666 babenb«
1417 3613 1554 3667 Wernstl.
1567 3641 1601 3654 -
1631 3600 1691 3668 126.
1709 3613 1788 3685 pudi-

329 3681 698 3767 buodoe>pudibundua
716 3695 804 3764 bugd.
820 3696 926 3767 Micyll.
950 3699 1025 3751 »Pro
1042 3697 1269 3770 pudibundos
1287 3699 1370 3750 etiam
1393 3695 1524 3768 quaedam
1546 3700 1672 3769 autiquae
1688 3698 1789 3753 hebent

329 3783 586 3855 pudibundum
612 3781 750 3838 Wernsd.
768 3811 802 3822 ·-
833 3782 894 3835 128.
911 3783 971 3835 Icto
986 3802 1015 3854 p.
1034 3781 1132 3853 lebes)
1151 3783 1222 3835 Alii:
1242 3785 1322 3836 lete
1338 3803 1367 3854 p.
1383 3781 1487 3839 livor.
1507 3783 1541 3836 C.
1557 3784 1689 3838 Fortasse
1705 3785 1789 3854 Ipse

330 3888 358 3939 p.
378 3869 471 3921 livor
495 3867 560 3920 dere
582 3867 671 3918 voluit
692 3869 816 3934 Coelium
834 3886 898 3919 uam
918 3871 994 3938 ipse
1010 3889 1039 3942 p.
1057 3868 1152 3920 livor
1168 3869 1256 3938 Lugd.
1272 3868 1378 3939 Micyll.
1398 3869 1505 3922 Bemm.
1523 3867 1659 3922 exhibent.
1678 3871 1788 3926 Rerum

330 3971 410 4020 mgoz
428 3957 500 4007 ieta
516 3949 644 4024 procul
660 3951 766 4013 lobes.
778 3983 812 3994 -
830 3954 882 4006 130
898 3953 993 4023 teau)
1011 3957 1116 4006 venta
1132 3953 1238 4024 Mteytl.
1257 3955 1334 4007 1575.
1351 3955 1419 4006 vitio
1436 3953 1545 4025 typoth.
1564 3983 1598 3994 -
1614 3971 1644 4012 ν.
1663 3955 1724 4010 131.
1740 3953 1787 4026 ut)

331 4044 365 4089 et
381 4039 475 4091 Aurel.
500 4041 568 4090 vitio
590 4036 698 4110 typotb.
716 4067 749 4078 -
785 4039 844 4092 140.
861 4038 1006 4107 Adducta)
1024 4039 1097 4091 Atti:
1116 4039 1275 4096 abducto.
1294 4041 1330 4093 (l.
1353 4040 1400 4091 Sic
1416 4039 1523 4110 Micyll.
1540 4040 1648 4097 Berm.
1666 4060 1691 4098 c.
1707 4055 1787 4108 uiget

314 4122 482 4177 'adducta
497 4122 560 4180 libr.
576 4128 644 4180 tres.
662 4153 696 4164 -
714 4122 774 4176 140.
790 4123 860 4194 nec)
880 4124 939 4176 elii:
957 4142 1032 4182 uon.
1051 4125 1086 4182 (l.
1103 4125 1150 4177 sie
1168 4125 1258 4195 Luget
1274 4124 1382 4196 utieyll.
1400 4127 1508 4180 nem.
1526 4143 1550 4179 e.
1568 4143 1647 4194 ωεστ
1665 4141 1736 4180 uec·
1754 4153 1788 4168 -

330 4208 391 4266 142.
407 4207 476 4278 uec)
495 4208 567 4261 Attt=
585 4227 662 4263 nou.
680 4208 715 4263 0.
733 4209 780 4261 Sic
796 4209 884 4278 bugd.
903 4209 1009 4280 Mteytt.
1027 4212 1137 4268 Bet-sm.
1154 4228 1177 4262 e.
1195 4229 1275 4278 mgoa
1308 4227 1380 4270 nee.
1398 4240 1432 4254 -
1467 4211 1527 4267 142.
1546 4209 1631 4280 neu)
1655 4209 1715 4268 aliie
1739 4228 1787 4266 er·
1846 4213 1849 4217 ’

331 4310 401 4353 eun.
420 4295 455 4348 0.
474 4294 521 4347 ste
537 4293 627 4363 bugd.
647 4292 755 4364 utteytt.
777 4294 885 4354 Beuum.
903 4312 926 4349 e.
944 4313 1024 4365 nge:
1042 4313 1134 4356 utcu.
1151 4325 1185 4340 -
1203 4296 1264 4355 145.
1281 4297 1348 4367 Ipse
1364 4297 1438 4350 vices
1455 4299 1554 4350 notun
1570 4295 1664 4366 cubit)
1685 4296 1788 4355 allelu·
