4366 5410
1131 389 1155 461 2

1043 490 1249 503 —u--m

628 587 737 673 Quam
758 587 842 652 mihi
863 587 1046 675 priscorum
1069 588 1178 654 titulos
1200 612 1396 677 operosaque
1416 593 1497 658 belle

628 691 811 775 Contigerit
833 713 1031 754 memorare:
1053 714 1167 756 manus
1190 693 1246 756 sed
1268 691 1379 757 bellica
1399 707 1532 782 patrum

627 791 874 877 Armorumque
894 793 984 856 labor
1001 805 1129 858 ‘veteres
1153 795 1289 858 decuere
1312 795 1457 879 Quirites

627 894 737 977 Atque
759 893 828 958 illos
852 893 996 958 cecinere
1018 895 1068 958 sui
1089 919 1149 982 per
1172 897 1316 962 carmine
1339 910 1435 964 vetes.

627 997 696 1060 Nos
720 1017 844 1078 quoque
865 1007 976 1080 pacata
997 996 1149 1062 Pisonem
1171 999 1263 1063 laude
1284 999 1443 1064 nitentem

627 1098 852 1179 Exaequamus
874 1097 951 1162 avis.
995 1099 1065 1162 Nee
1087 1099 1192 1178 enim,
1216 1100 1244 1163 si
1266 1102 1346 1165 bella
1368 1101 1531 1186 quierunt,

629 1197 759 1262 Occidit
781 1210 812 1262 et
834 1199 955 1264 virtus:
979 1199 1054 1262 licet
1076 1223 1227 1266 exercere
1249 1214 1373 1288 togatae

627 1301 769 1365 Munera
791 1301 941 1364 militiae:
964 1301 1039 1365 licet
1062 1313 1095 1365 et
1116 1302 1186 1367 sine
1208 1304 1372 1388 sanguinis
1397 1305 1511 1370 haustu

628 1401 725 1465 Misia
746 1402 891 1486 legitimo
913 1404 972 1466 sub
995 1403 1100 1467 iudice
1121 1405 1202 1468 bella
1223 1429 1364 1472 movere.

629 1499 719 1567 Hinc
741 1525 865 1587 quoque
887 1505 1004 1570 servati
1028 1505 1187 1590 contingit
1208 1508 1311 1590 glorie
1333 1508 1412 1574 civis

631 1605 770 1689 Altaque
792 1605 922 1670 vitrices
946 1606 1099 1671 intexunt
1119 1607 1233 1672 limina
1256 1611 1387 1694 palmae.

632 1707 723 1792 Quin
746 1728 802 1792 ege
825 1708 1005 1789 maiorum,
1028 1708 1156 1774 iuvenis
1178 1707 1331 1794 iocunde,
1353 1724 1487 1778 tuorum

632 1809 755 1874 Scande
777 1831 875 1895 super
897 1810 1005 1874 titulos
1028 1822 1060 1874 et
1082 1810 1186 1875 avitae
1206 1813 1307 1876 laudis
1330 1813 1484 1896 honores,

632 1909 880 1995 Armorumque
902 1913 996 1976 decus
1018 1914 1175 1999 praecede
1197 1912 1379 1979 forensibus
1401 1916 1494 1980 actis!

632 2013 687 2076 Sic
709 2013 807 2077 etiam
829 2037 946 2099 magno
967 2013 1035 2078 iam
1056 2027 1134 2078 tuno
1156 2015 1315 2081 Cicerone
1338 2017 1467 2102 vigente

633 2116 760 2178 Laurea
779 2114 927 2180 facundis
949 2129 1113 2181 cesserunt
1135 2139 1225 2182 arma
1247 2120 1372 2208 togatis.

635 2218 788 2301 Quaeque
809 2229 939 2303 patrum
963 2221 1063 2282 cleros
1087 2220 1249 2302 quondam
1270 2221 1379 2285 visura
1402 2223 1585 2310 triumphos

635 2317 726 2382 Olim
748 2320 842 2384 turba
864 2319 932 2384 vias
955 2311 1146 2408 impleverat
1169 2319 1298 2406 agmine
1320 2323 1432 2405 denso,

635 2418 752 2485 Ardua
774 2444 861 2486 nunc
883 2423 994 2486 eadem
1016 2422 1223 2508 stipatione,
1245 2441 1320 2488 curn
1341 2436 1397 2489 tua
1418 2439 1557 2491 moestos

635 2519 817 2588 Defensura
838 2547 910 2588 reos
932 2547 1045 2589 vocem
1067 2523 1216 2590 facundie
1238 2527 1348 2590 mittit.

637 2627 701 2689 Seu
722 2625 866 2710 trepidos
888 2627 928 2689 ad
950 2625 1021 2690 iura
1043 2627 1153 2691 decem
1175 2628 1252 2691 citat
1274 2627 1363 2693 hasta
1385 2631 1534 2696 virorum

638 2728 681 2791 Et
702 2727 832 2792 firmare
854 2727 943 2791 iubet
965 2739 1100 2794 centeno
1123 2729 1229 2792 iudice
1252 2751 1386 2816 caussas,

639 2831 703 2893 Seu
726 2829 858 2914 capitale
880 2828 969 2894 nefas
992 2853 1126 2915 operosa
1149 2831 1244 2908 diluis
1268 2845 1347 2915 arte,

636 2932 801 3006 Laudibus
823 2931 892 3018 ipsa
914 2931 977 2994 tuis
1000 2944 1152 2996 resonant
1172 2933 1254 2998 lora.
1276 2937 1330 2998 Tu
1353 2958 1494 3021 quoque,
1517 2937 1602 3021 Piso,

638 3025 756 3099 Iudicis
779 3033 931 3099 ellectum
953 3023 1158 3120 possessaque
1180 3047 1311 3122 pectora
1333 3038 1420 3102 ducis
1508 3075 1528 3115 0,

924 3389 1110 3459 Variae
1143 3391 1395 3461 lectiones.

500 3593 544 3646 21.
562 3589 731 3663 priscorum)
748 3585 877 3640 Boethius
897 3586 1009 3638 conioc.=
1028 3587 1206 3640 Pisonum.
1229 3584 1303 3638 Aur.
1327 3587 1370 3640 49.
1396 3589 1423 3640 l.
1441 3591 1474 3628 -ss
1503 3587 1576 3657 ¹23)
1603 3580 1735 3656 decuere)
1762 3608 1776 3639 e
1801 3590 1887 3641 conie-

406 3659 410 3664 Δ
433 3685 508 3734 eluro
529 3677 643 3729 Barthii.
668 3693 776 3727 omnes:
801 3673 944 3724 docuere
970 3701 1003 3713 --
1026 3673 1070 3726 26.
1095 3691 1142 3724 noe
1166 3673 1237 3724 onim
1269 3670 1314 3739 si)
1341 3679 1453 3724 temen
1483 3674 1552 3724 etsi
1582 3665 1682 3740 Sculig.
1706 3674 1773 3727 Juu.
1797 3675 1888 3728 Pulm.

431 3763 526 3819 Aurel.
546 3765 623 3818 Cort.
642 3761 778 3812 Wernsd.
799 3785 832 3799 -
866 3757 910 3812 27.
931 3758 1037 3810 Occidit
1053 3757 1100 3827 ot)
1126 3777 1193 3809 non
1216 3759 1324 3828 periit
1356 3757 1456 3826 Scalig.
1482 3759 1539 3808 Jun
1570 3757 1661 3811 Pulm.
1691 3758 1785 3810 Aurei.
1812 3761 1889 3812 θοή.

431 3849 568 3902 Wernsd.
587 3876 620 3887 -
637 3847 679 3899 30.
698 3843 778 3915 hine)
796 3842 848 3895 hic
871 3842 959 3911 Lugd.
982 3847 1089 3895 Ber-sm.
1109 3842 1215 3912 Micyll.
1234 3871 1267 3884 --
1296 3841 1443 3911 contingit)
1470 3843 1649 3910 continget
1671 3843 1758 3910 Itugd.
1784 3845 1892 3899 Borsrn.

431 3935 537 4006 Micyll.
557 3963 590 3974 -
617 3932 660 3986 31.
678 3928 823 3997 victrices)
851 3928 1012 3980 victricis
1039 3927 1127 3997 Lugd.
1155 3932 1313 3980 victores
1339 3928 1406 3996 legit
1424 3930 1544 3984 Cusoub.
1562 3927 1597 3979 au
1615 3929 1692 3982 Suet.
1710 3931 1813 3981 Domit.
1833 3949 1892 3998 cup.

432 4021 481 4074 ult.
502 4051 534 4062 -
552 4021 595 4072 35.
613 4017 731 4086 magno)
751 4033 887 4084 magnae
903 4014 991 4082 bugd.
1011 4044 1044 4054 —
1062 4014 1190 4084 vigente)
1209 4016 1376 4066 iuventae
1393 4013 1479 4080 Lugd.
1496 4041 1529 4056 ·-·
1564 4013 1608 4066 37.
1630 4015 1761 4084 Quaeque
1784 4021 1894 4084 potrum

434 4107 520 4158 claros
541 4103 674 4176 quondum
691 4099 803 4171 visure)
827 4100 895 4152 Sed
913 4115 999 4170 queo
1016 4101 1181 4152 Pisonum
1205 4099 1323 4151 cleros
1347 4100 1470 4150 visura
1486 4099 1579 4167 'lugd
1602 4098 1706 4168 Micyll.
1732 4101 1839 4152 Beuum.
1859 4129 1893 4141 -

432 4191 476 4246 4³.
495 4189 590 4259 nelos)
617 4187 747 4259 nephas
770 4186 857 4254 Lugd.
880 4185 986 4256 Micyll.
1010 4186 1091 4243 1575.
1112 4215 1145 4226 -
1179 4186 1224 4238 44.
1250 4186 1295 4236 Τιι
1320 4201 1425 4255 quoque
1448 4183 1534 4253 Piso)
1562 4201 1707 4254 numque
1724 4185 1783 4235 ubi
1808 4188 1891 4237 Pico

432 4265 538 4328 Beisni.
567 4275 649 4326 »hoec
673 4280 726 4328 ,est
750 4273 827 4324 lectio
851 4271 998 4324 editionum
1022 4276 1083 4324 cute
1106 4273 1220 4324 sunium
1247 4276 1274 4322 et
1295 4270 1494 4338 suithger-m·
1532 4270 1667 4324 Werusd.
1687 4269 1771 4322 dure
1792 4271 1891 4324 Piso.
